1899 3227
202 173 254 217 76
657 176 835 217 ORAT.
870 176 988 217 PRO
1025 176 1087 217 M.
1121 176 1347 218 CAELIO

198 287 411 328 hominum
442 287 617 343 ingenia,
643 289 926 339 calliditatem,
951 289 1179 330 sollertiam
1212 294 1443 344 contraque
1465 289 1588 331 fictas
1614 290 1797 332 omnium

196 353 368 393 insidias
388 353 508 394 facile
530 369 575 394 se
597 369 671 408 per
691 369 735 394 se
758 355 847 409 ipsa
869 355 1064 395 defendat
1083 357 1091 394 Ι
1162 353 1374 394 XXVII.
1409 353 1555 394 Velut·
1570 354 1672 395 haec
1703 361 1797 396 tota

195 418 347 459 fabella
382 419 534 460 veteris
569 424 613 459 et
648 419 919 474 plurimarum
954 418 1189 458 fabularum
1225 418 1411 472 poetriae
1448 433 1571 472 quam
1608 424 1674 460 est
1709 420 1796 460 sinc

195 487 471 538 argumento!
519 498 641 538 quam
677 483 834 523 nullum
871 482 1054 523 invenire
1089 482 1248 523 exitum
1288 486 1454 537 potest!
1521 483 1631 533 Quid
1673 483 1793 530 enim.

196 548 266 589 isti
288 552 354 589 tot
375 548 461 597 viri,
487 562 582 587 nam
604 561 773 588 necesse
805 552 869 587 est
893 547 1019 586 fuisse
1041 560 1123 586 non
1152 561 1319 601 paucos,
1344 552 1392 588 ut
1423 551 1467 587 et
1501 548 1795 602 comprehendi

199 613 382 654 Licinius
415 612 536 652 facile
569 618 711 666 posset
743 616 787 652 et
821 626 888 651 res
922 611 1148 652 multorum
1179 611 1308 652 oculis
1340 617 1450 653 esset
1488 613 1697 663 testatior,
1723 628 1797 654 cur

199 677 402 718 Licinium
425 678 475 717 de
496 677 686 717 manibus
713 676 969 717 amiserunt?
1046 675 1125 727 Qui
1162 675 1297 716 minus
1328 676 1437 717 enim
1472 676 1656 718 Licinius
1686 692 1797 718 com-

194 742 393 798 prehendi
426 742 577 797 potuit,
612 756 739 796 quum
771 756 816 782 se
851 740 1031 782 retraxit
1062 755 1113 781 ne
1146 741 1341 795 pyxidem
1374 741 1575 791 traderet,
1609 756 1733 796 quam
1761 742 1795 782 si

195 807 467 848 tradidisset?
529 806 666 847 Erant
688 806 796 846 enim
819 806 876 846 illi
907 805 1034 860 positi
1062 810 1111 846 ut
1142 806 1545 860 comprehenderent
1575 806 1793 855 Licinium,

194 877 243 913 ut
272 872 492 913 manifesto
524 871 709 919 Licinius
742 875 970 919 teneretur,
993 875 1066 912 aut
1095 885 1220 925 quum
1251 871 1454 912 retineret
1482 886 1696 920 venenum,
1720 877 1795 913 aut

196 952 322 992 quum
343 937 598 977 tradidisset.
662 936 759 976 Hoc
779 935 859 976 fuit
879 940 1019 976 totum
1036 935 1251 976 consilium
1273 935 1467 985 mulieris,
1492 936 1594 977 haec
1616 936 1793 977 istorum

194 1001 407 1057 provincia
447 1001 517 1056 qui
556 1001 694 1055 rogati
731 1005 852 1048 sunt3
901 1015 1005 1055 quos
1042 1000 1208 1055 quidem
1242 1005 1289 1042 tu
1324 1001 1595 1055 quamobrem
1635 1006 1793 1042 temere

194 1066 432 1121 prosiluisse
464 1066 580 1107 dicas
614 1071 742 1120 atque
782 1070 880 1106 ante
916 1070 1082 1119 tempus
1115 1079 1198 1105 non
1231 1065 1677 1119 reperio.—Fuerant
1713 1065 1792 1106 hoc

194 1131 356 1186 rogati;
403 1131 568 1172 fuerant
600 1131 654 1170 ad
690 1130 796 1171 hanc
831 1145 917 1170 rem
953 1129 1156 1180 collocati,
1193 1134 1241 1170 ut
1274 1144 1488 1179 venenum,
1524 1135 1570 1171 ut
1604 1129 1790 1179 insidiae,

192 1196 353 1237 facinus
395 1196 570 1250 denique
609 1194 745 1249 ipsum
784 1199 832 1235 ut
872 1194 1094 1235 manifesto
1137 1195 1792 1249 comprehenderetur.—Potu-

193 1266 369 1302 eruntne
403 1260 561 1300 meliori
597 1265 783 1313 tempore
819 1259 1008 1314 prosilire
1047 1274 1171 1313 quam
1211 1274 1337 1313 quum
1380 1259 1564 1300 Licinius
1596 1259 1790 1308 venisset,

192 1340 317 1380 quum
349 1325 391 1365 in
421 1339 545 1365 manu
576 1328 742 1364 teneret
769 1323 915 1364 veneni
949 1323 1168 1378 pyxidem?
1211 1338 1317 1378 quae
1348 1323 1384 1364 si
1421 1337 1548 1378 quum
1579 1324 1668 1377 jam
1699 1329 1793 1365 erat

191 1389 349 1431 tradita
370 1389 511 1438 servis,
535 1388 764 1429 evasissent
786 1389 927 1429 subito
959 1403 1010 1429 ex
1040 1388 1198 1429 balneis
1218 1388 1401 1429 mulieris
1422 1388 1544 1428 amici
1568 1388 1791 1429 Licinium-

191 1470 271 1510 que
297 1453 721 1509 comprehendissent,
746 1452 987 1508 imploraret
1018 1453 1231 1494 hominum
1258 1453 1383 1494 fidem
1415 1458 1542 1508 atque
1563 1468 1588 1493 a
1608 1468 1653 1494 se
1680 1453 1792 1495 illam

190 1519 387 1575 pyxidem
408 1519 608 1560 traditam
629 1523 893 1573 pernegaret.
956 1518 1088 1570 Quem
1105 1518 1313 1572 quomodo
1336 1517 1392 1558 illi
1414 1519 1792 1572 reprehenderent?

192 1584 341 1626 vidisse
375 1598 419 1625 se
453 1583 666 1624 dicerent?
729 1582 920 1623 Primum
951 1584 1005 1624 ad
1041 1597 1085 1623 se
1115 1588 1361 1624 revocarent
1392 1583 1563 1623 maximi
1595 1582 1790 1624 facinoris

191 1650 372 1696 crimen;
418 1648 567 1688 deinde
602 1647 643 1688 id
683 1663 728 1688 se
763 1647 915 1688 vidisse
956 1648 1153 1697 dicerent,
1190 1647 1300 1702 quod
1341 1662 1421 1702 quo
1462 1647 1553 1688 loco
1596 1648 1790 1689 collocati

190 1715 357 1755 fuerant
377 1728 460 1754 non
482 1712 717 1768 potuissent
738 1712 888 1753 videre.
951 1712 1154 1766 Tempore
1176 1711 1306 1766 igitur
1322 1712 1411 1766 ipso
1432 1727 1476 1753 se
1499 1713 1787 1763 ostenderunt,

192 1794 319 1834 quum
362 1778 547 1818 Licinius
587 1777 781 1827 venisset,
823 1777 1019 1832 pyxidem
1060 1776 1289 1831 expediret,
1332 1791 1500 1817 manum
1540 1777 1787 1832 porrigeret,

192 1857 395 1885 venenum
416 1843 614 1884 traderet.
679 1841 800 1881 Mimi
822 1856 921 1896 ergo
944 1846 1009 1882 est
1026 1842 1114 1896 jam
1139 1841 1289 1891 exitus,
1312 1855 1395 1881 non
1416 1841 1580 1882 fabulae
1599 1858 1609 1888 ς
1643 1842 1684 1882 in
1707 1857 1788 1897 quo

1015 1955 1178 1985 Halm.—‘
1189 1964 1268 1994 quae
1292 1955 1317 1985 si
1341 1965 1438 1995 quum
1462 1955 1527 1994 jam
1543 1954 1562 1984 :'
1596 1954 1692 1984 Halm
1718 1965 1788 1995 says

1013 1998 1083 2028 that
1098 1998 1152 2028 the
1164 1998 1260 2028 MSS.
1274 1998 1354 2028 have
1372 2002 1470 2038 ‘quae
1486 1999 1511 2027 si
1525 1998 1589 2036 jam
1606 1998 1695 2028 erat!
1719 1998 1788 2028 The

1014 2041 1143 2080 reading
1171 2044 1272 2080 ‘quae
1303 2041 1329 2071 si
1359 2050 1456 2080 quum
1485 2041 1572 2079 jam’
1597 2051 1730 2080 appears
1754 2042 1787 2070 in

1010 2094 1105 2123 many
1129 2084 1181 2113 old
1205 2084 1351 2113 editions.
1401 2084 1495 2113 Halm
1517 2093 1668 2123 proposes
1686 2087 1693 2100 ‘
1708 2094 1787 2123 quae

1012 2127 1038 2156 si
1051 2128 1115 2165 jam
1133 2130 1200 2156 erat
1215 2127 1330 2156 tradita
1348 2127 1454 2164 servis,
1470 2127 1496 2156 si
1511 2125 1706 2156 evasissent)

1061 2171 1159 2206 Quem
1205 2169 1489 2208 reprehenderent]
1553 2173 1560 2186 ‘
1581 2169 1662 2198 How
1694 2169 1786 2199 could

1012 2212 1088 2251 they
1112 2212 1191 2242 have
1212 2212 1375 2242 convicted
1396 2212 1484 2247 him,'
1501 2211 1529 2241 if
1542 2212 1580 2241 he
1595 2212 1656 2241 had
1673 2212 1785 2241 denied

1012 2255 1066 2285 the
1085 2255 1165 2285 fact:
1193 2255 1304 2284 ‘could
1328 2255 1403 2294 they
1426 2254 1504 2283 have
1528 2254 1595 2283 said
1618 2255 1687 2284 that
1709 2254 1786 2294 they

1012 2308 1073 2327 saw
1086 2297 1165 2327 ?'—‘
1177 2297 1215 2326 ad
1239 2307 1272 2327 se
1295 2300 1478 2327 revocarent
1490 2296 1509 2325 :’
1535 2296 1699 2325 Manutius
1715 2306 1785 2336 says

1013 2343 1032 2357 “
1047 2340 1096 2369 for
1116 2340 1143 2370 if
1165 2341 1240 2378 they
1265 2349 1337 2375 saw,
1362 2339 1437 2378 they
1459 2348 1539 2368 were
1561 2339 1650 2378 privy
1673 2342 1707 2368 to
1730 2340 1786 2369 the

237 1959 288 1994 27.
308 1957 470 1997 poetriae]
507 1957 558 1986 He
575 1966 643 1995 says
661 1956 800 1996 ‘poetria
813 1955 820 1969 '
834 1955 968 1985 because

193 2001 234 2030 he
251 2011 358 2030 means
381 2000 500 2031 Clodia.
522 2010 540 2029 a
556 2000 663 2028 maker
687 1998 722 2028 of
735 2009 828 2038 many
845 1998 969 2028 fabulae

194 2053 230 2073 or
246 2044 352 2083 plays3
375 2043 432 2072 but
449 2043 514 2072 this
530 2042 555 2072 is
572 2043 704 2072 without
725 2052 744 2071 a
762 2041 826 2071 real
848 2041 970 2080 subject

194 2096 230 2116 or
245 2087 312 2126 plot
329 2084 592 2125 (argumentum),
610 2085 671 2114 and
694 2085 750 2114 has
766 2094 807 2113 no
823 2088 877 2123 apt
892 2094 966 2113 con-

194 2130 315 2159 clusion
340 2128 500 2169 (exitum).
547 2128 656 2158 Cicero
680 2127 744 2166 (Ad
769 2127 835 2157 Att.
852 2127 873 2156 i.
894 2126 965 2165 19):

195 2172 348 2201 “nullam
374 2182 392 2201 a
418 2181 470 2201 me
500 2171 665 2210 epistolam
691 2170 730 2200 ad
753 2173 785 2200 te
809 2170 877 2199 sino
901 2170 968 2199 sine

194 2217 379 2253 argumento
389 2224 424 2243 ac
435 2213 590 2243 sententia
597 2213 779 2252 pervenire.'
786 2212 792 2226 ’
800 2230 832 2234 —
841 2216 847 2229 ‘
855 2213 966 2242 amise-

194 2261 269 2286 runt
283 2257 301 2286 ε’
327 2257 363 2286 C.
419 2256 518 2286 Orelli
541 2256 597 2285 has
622 2255 836 2285 ‘emiserunt.’
884 2258 902 2271 ‘⁴
916 2255 965 2285 Cf.

194 2300 227 2329 in
251 2300 341 2329 Verr.
369 2299 412 2328 iii.
438 2301 453 2335 ξ
479 2300 530 2333 32,
559 2302 591 2327 et
614 2298 654 2328 iv.
682 2301 696 2335 ξ
722 2300 773 2333 44,
798 2298 851 2327 ubi
875 2298 967 2327 lectio

195 2343 310 2371 amissa
324 2352 342 2371 a
355 2341 505 2380 Zumptio
521 2341 628 2370 relicta
643 2351 680 2370 ex
697 2341 817 2380 optimo
833 2341 861 2370 R
874 2341 965 2370 redu-

196 2384 294 2414 cenda
309 2388 374 2414 est:
393 2389 424 2413 et
439 2394 468 2412 v.
483 2383 550 2412 Liv.
569 2385 620 2419 29,
637 2385 688 2413 31.
706 2386 759 2417 30,
776 2385 826 2413 24.
844 2384 896 2419 31,
916 2384 965 2413 18.

197 2427 283 2457 Curt.
302 2427 342 2456 ix.
364 2428 412 2461 10,
429 2428 480 2456 26.
512 2426 612 2455 Plaut.
636 2426 706 2455 Mil.
730 2426 809 2464 glor.
826 2426 858 2454 ii.
876 2428 906 2460 5,
924 2427 964 2460 47

196 2469 280 2500 cet.”
296 2469 434 2508 (Halm).
469 2468 527 2498 See
543 2468 631 2498 Verr.
647 2468 678 2497 ii.
696 2470 726 2504 3,
743 2478 769 2497 c.
793 2469 839 2504 13,
856 2468 918 2497 and
934 2468 965 2497 ii.

196 2515 225 2547 4,
243 2522 268 2541 c.
286 2514 337 2548 20,
356 2512 425 2541 Vol.
443 2512 463 2540 i.

238 2556 266 2585 si
311 2553 513 2593 tradidisset]
575 2553 644 2582 The
682 2555 689 2569 ‘
703 2552 851 2591 vulgata,'
898 2562 968 2590 says

197 2598 358 2631 Graevius,
383 2597 409 2626 is
435 2600 442 2613 ‘
457 2596 482 2625 si
506 2605 570 2625 non
592 2595 795 2629 retraxisset‚’
813 2595 913 2624 which
931 2595 970 2623 he

196 2650 266 2679 says
291 2641 316 2669 is
342 2639 536 2677 intelligible‚
562 2638 588 2667 if
608 2648 653 2667 we
675 2637 868 2667 understand
894 2637 967 2667 ‘se.'

197 2683 262 2713 But
277 2683 331 2712 the
346 2682 476 2720 reading
491 2682 522 2710 in
539 2681 593 2710 the
609 2683 687 2714 text,
704 2680 752 2709 for
768 2679 868 2709 which
881 2679 969 2709 there

196 2727 222 2755 is
238 2726 317 2764 good
333 2725 427 2754 MSS.
439 2723 608 2761 authority,
622 2723 674 2752 fits
687 2723 741 2752 the
754 2732 844 2752 sense
855 2721 958 2751 better

195 2769 264 2798 The
280 2768 371 2797 other
386 2767 514 2805 reading
537 2766 562 2795 is
580 2769 587 2782 ‘
602 2775 695 2804 quam
713 2766 737 2795 si
753 2765 935 2795 retraxisset
946 2764 965 2800 ;'

194 2811 257 2841 and
272 2810 326 2840 the
343 2809 443 2840 ‘non'
458 2810 484 2839 is
505 2819 544 2838 an
567 2808 707 2838 addition
723 2808 758 2837 of
769 2808 823 2837 the
839 2807 965 2843 editors,

196 2853 287 2883 made
303 2856 335 2882 to
351 2853 420 2892 give
436 2863 453 2882 a
468 2852 615 2890 meaning
629 2854 662 2880 to
677 2851 732 2880 the
746 2860 886 2890 passage.

238 2897 363 2926 meliori
380 2895 535 2934 tempore]
585 2897 592 2911 ⁴
606 2894 704 2933 magis
727 2892 890 2933 tempore'
909 2892 965 2923 P¹.

1013 2383 1109 2418 deed;
1133 2383 1182 2412 for
1205 2382 1345 2411 Licinius
1367 2381 1469 2410 would
1492 2384 1549 2410 not
1571 2381 1650 2411 have
1668 2382 1785 2412 offered

1010 2426 1064 2455 the
1082 2425 1194 2464 poison
1215 2425 1248 2453 in
1266 2424 1348 2453 their
1369 2424 1461 2463 sight,
1485 2424 1591 2454 unless
1607 2424 1683 2464 they
1705 2435 1786 2454 were

1011 2468 1098 2507 privy
1115 2471 1147 2496 to
1164 2467 1217 2496 the
1232 2466 1335 2505 plot.''

1055 2511 1152 2540 Mimi
1168 2519 1241 2547 erqo
1259 2509 1398 2548 estjam]
1449 2508 1552 2538 ‘Well
1568 2518 1637 2538 now
1653 2509 1707 2539 the
1723 2510 1784 2539 end

1011 2553 1038 2582 is
1062 2552 1133 2581 that
1157 2552 1192 2581 of
1210 2562 1228 2581 a
1250 2552 1344 2587 farce,
1369 2554 1426 2581 not
1449 2551 1484 2581 of
1501 2562 1519 2580 a
1539 2551 1634 2590 play.'
1680 2552 1784 2582 There

1014 2604 1075 2624 was
1092 2604 1133 2624 no
1148 2595 1211 2623 real
1227 2594 1298 2630 end,
1308 2604 1349 2623 no
1362 2604 1475 2633 proper
1492 2595 1670 2624 conclusion
1684 2595 1783 2633 (clau-

1014 2636 1106 2676 sula).
1138 2636 1267 2667 Abrami
1285 2641 1395 2676 quotes
1413 2637 1530 2666 Seneca
1547 2637 1621 2676 (Ep.
1639 2638 1706 2676 77).
1724 2647 1784 2667 one

1013 2679 1049 2709 of
1061 2679 1114 2708 the
1131 2690 1224 2718 many
1241 2689 1385 2718 passages
1401 2680 1503 2708 in>the
1518 2680 1640 2709 antient
1663 2680 1783 2709 writers

1011 2723 1044 2752 in
1061 2722 1161 2751 which
1177 2722 1230 2751 life
1247 2723 1271 2752 is
1288 2722 1454 2761 compared
1470 2726 1502 2752 to
1518 2732 1536 2751 a
1551 2722 1623 2761 play
1637 2734 1644 2751 ι
1663 2725 1681 2738 “
1695 2722 1782 2755 Quo-

1011 2764 1106 2794 modo
1130 2764 1245 2801 fabula,
1277 2765 1320 2794 sic
1346 2766 1428 2800 vita;
1451 2775 1515 2794 non
1541 2764 1701 2803 quamdiu,
1727 2766 1783 2794 sed

1012 2817 1105 2847 quam
1137 2807 1216 2837 bene
1243 2811 1313 2837 acta
1338 2808 1377 2837 sit
1406 2807 1519 2837 refert:
1549 2806 1628 2835 nihil
1651 2807 1690 2835 ad
1714 2817 1781 2836 rem

1012 2850 1146 2889 pertinet
1162 2860 1224 2889 quo
1239 2851 1309 2880 loco
1325 2850 1465 2880 desinas:
1483 2858 1671 2888 quocunque
1686 2849 1781 2884 voles,

1011 2892 1135 2923 desine:
1160 2896 1285 2924 tantum
1301 2892 1416 2923 bonam
1433 2891 1603 2922 clausulam
1619 2891 1782 2931 impone.⁷'
