1816 3211
147 184 230 224 430
503 183 682 225 ORAT.
715 184 835 226 PRO
869 183 1033 225 REGE
1065 183 1385 227 DEIOTARO

139 290 330 338 homines
364 296 502 337 onmia
529 302 775 338 ornamenta
809 296 1132 352 congessissent,
1160 301 1252 339 tum
1287 303 1336 340 tu
1367 298 1455 353 ipse
1487 299 1664 354 plurima
1695 307 1742 342 et

146 361 342 403 maxima.
413 361 559 416 Neque
598 362 721 411 enim,
764 361 799 401 si
839 365 939 402 tuae
978 376 1045 402 res
1084 367 1230 416 gestae
1271 368 1508 404 ceterorum
1546 365 1742 406 laudibus

147 426 448 467 obscuritatem
476 427 722 476 attulerunt,
747 425 902 466 idcirco
926 426 1002 466 Gn.
1026 427 1218 481 Pompeii
1250 429 1491 469 memoriam
1511 429 1740 471 amisimus.

148 492 361 543 Quantum
393 505 543 531 nomen
572 491 661 544 ejus
696 491 833 540 fuerit,
857 497 1038 545 quantae
1067 506 1178 546 opes,
1203 499 1358 547 quanta
1378 493 1419 532 in
1441 493 1553 533 omni
1587 508 1741 548 genere

145 557 345 597 bellorum
375 555 520 610 gloria,
557 555 701 609 quanti
737 555 916 596 honores
952 556 1092 611 populi
1135 556 1329 606 Romani,
1368 558 1512 612 quanti
1552 565 1739 610 senatus,

144 621 289 676 quanti
331 620 406 670 tui,
446 620 538 674 quis
571 620 768 675 ignorat?
835 620 974 661 Tanto
1009 622 1076 662 ille
1111 622 1347 676 superiores
1392 622 1548 663 vicerat
1592 623 1736 677 gloria,

143 691 301 740 quanto
318 690 365 726 tu
383 685 575 725 omnibus
596 685 861 739 praestitisti.
909 685 1059 741 Itaque
1082 685 1156 726 Cn.
1175 686 1367 742 Pompeii
1389 687 1507 737 bella,
1527 688 1735 740 victorias,

141 751 386 805 triumphos,
423 751 664 791 consulatus
700 750 956 791 admirantes
989 753 1335 802 numerabamus,
1371 758 1467 793 tuos
1494 754 1738 794 enumerare

142 830 225 856 non
246 830 481 870 possumus.
517 848 519 851 ,
545 815 600 855 V.
624 815 695 855 Ad
717 831 813 856 eum
846 816 975 870 igitur
1007 831 1081 857 rex
1105 816 1332 858 Deiotarus
1353 817 1466 857 venit
1487 817 1565 857 hoc
1586 818 1738 858 misero

140 881 341 935 fatalique
374 880 495 930 bello,
533 895 655 935 quem
690 886 817 921 antea
846 881 976 935 justis
1015 881 1318 936 hostilibusque
1354 881 1470 922 bellis
1505 882 1734 936 adjuverat,

140 960 318 1000 quocum
350 950 442 986 erat-
476 960 559 985 non
595 945 777 1000 hospitio
813 945 959 996 solum,
990 960 1133 986 verum
1166 946 1293 986 etiarn
1323 946 1607 992 familiaritate
1638 962 1736 988 con-

134 1011 335 1065 junctus3
372 1015 415 1051 et
435 1010 550 1051 venit
582 1011 646 1051 vel
680 1014 854 1065 rogatus
884 1015 931 1051 ut
956 1011 1126 1060 amicus,
1152 1011 1214 1052 vel
1241 1011 1466 1052 arcessitus
1499 1017 1548 1051 ut
1582 1011 1732 1062 socius,

138 1076 202 1117 vel
235 1080 431 1116 evocatus
456 1081 504 1117 ut
524 1075 560 1116 is
581 1075 651 1130 qui
673 1075 836 1116 senatui
866 1090 1013 1130 parere
1045 1075 1285 1117 didicisset:
1319 1081 1532 1130 postremo
1554 1076 1667 1117 venit
1687 1082 1735 1118 ut

136 1141 190 1181 ad
211 1141 452 1195 fugientem,
490 1155 575 1180 non
605 1145 653 1180 ut
683 1140 736 1179 ad
758 1139 1060 1194 insequentem,
1089 1141 1131 1180 id
1162 1145 1238 1190 est,
1273 1141 1327 1180 ad
1360 1140 1531 1194 periculi
1566 1155 1649 1181 non
1680 1142 1734 1182 ad

137 1205 336 1246 victoriae
369 1205 631 1246 societatem.
694 1204 844 1258 Itaque
875 1205 1117 1245 Pharsalico
1152 1204 1309 1259 praelio
1341 1204 1454 1245 facto
1482 1219 1507 1244 a
1530 1204 1733 1260 Pompeio

138 1270 355 1311 discessit:
390 1284 507 1323 spem
543 1269 751 1309 infinitam
782 1269 975 1324 persequi
1005 1270 1165 1316 noluit;
1199 1269 1264 1310 vel
1295 1269 1444 1319 officio,
1467 1269 1500 1309 si
1529 1270 1627 1325 quid
1664 1271 1733 1311 de-

136 1336 293 1383 buerat,
317 1335 381 1375 vel
403 1334 541 1385 errori,
564 1335 598 1375 si
617 1334 716 1389 quid
737 1334 957 1383 nescierat,
981 1334 1247 1375 satisfactum
1268 1349 1361 1375 esse
1383 1335 1529 1375 duxit:
1564 1336 1732 1376 domum

135 1414 180 1440 se
216 1399 404 1449 contulit,
432 1406 556 1454 teque
593 1398 930 1440 Alexandrinum
964 1399 1117 1439 bellum
1151 1404 1327 1454 gerente
1360 1399 1616 1440 utilitatibus
1647 1400 1732 1441 tuis

135 1465 288 1520 paruit.
349 1465 424 1505 Ille
460 1464 692 1505 exercitum
722 1463 796 1504 Cn.
820 1463 997 1504 Domitii
1031 1464 1275 1519 amplissimi
1303 1463 1379 1504 viri
1413 1464 1500 1505 suis
1529 1465 1657 1506 tectis
1688 1470 1732 1507 et

135 1530 266 1585 copiis
293 1531 571 1577 sustentavit;
606 1529 673 1570 ille
695 1529 909 1584 Ephesum
930 1529 984 1569 ad
1005 1543 1110 1579 eum,
1135 1544 1256 1584 quem
1277 1533 1325 1569 tu
1353 1543 1404 1569 ex
1429 1529 1514 1570 tuis
1543 1529 1730 1570 fidelissi-

132 1610 246 1635 mum
279 1601 322 1636 et
354 1594 696 1650 probatissimum
736 1594 931 1635 omnibus
972 1594 1176 1649 delegisti,
1219 1593 1434 1648 pecuniam
1475 1593 1615 1640 misit;
1661 1594 1730 1636 ille

133 1661 298 1709 iterum,
322 1659 388 1700 ille
410 1660 550 1710 tertio,
572 1659 840 1700 auctionibus
874 1659 1000 1699 factis
1021 1659 1242 1713 pecuniam
1262 1658 1378 1699 dedit
1399 1672 1481 1712 qua
1501 1658 1554 1697 ad
1575 1659 1728 1702 bellum

133 1731 323 1772 uterere;
357 1726 423 1766 ille
445 1740 594 1780 corpus
615 1740 735 1766 suum
756 1725 940 1779 periculo
961 1725 1128 1778 objecit,
1156 1729 1378 1778 tecumque
1400 1723 1441 1763 in
1463 1723 1552 1764 acie
1581 1731 1728 1768 contra

181 1837 340 1871 Quantum
357 1838 487 1874 nomen]
535 1836 642 1866 Cicero
656 1837 717 1865 had
730 1836 904 1866 celebrated

132 1879 187 1908 the
213 1879 301 1918 glory
328 1879 362 1908 of
392 1879 559 1917 Pompeius
584 1879 616 1908 in
638 1879 686 1908 his
711 1880 832 1908 oration
858 1880 906 1908 De

133 1921 217 1960 Imp.
235 1921 293 1951 Cu.
313 1921 453 1960 Pompeii
471 1921 556 1960 (Vol.
568 1921 628 1961 ii.).
662 1922 793 1951 Abrami
810 1922 905 1951 refers

134 1968 166 1993 to
198 1964 336 1993 Lucan's
366 1964 563 2002 eomparison
596 1964 749 2004 (Pharsal.
777 1965 798 1993 i.
835 1966 905 2001 129,

135 2006 207 2047 διε.)
232 2007 267 2036 of
287 2007 341 2036 the
359 2010 421 2036 two
445 2006 562 2036 leaders
582 2007 614 2036 in
638 2008 691 2037 the
709 2007 789 2037 Civil
806 2007 904 2037 War:
954 2030 961 2037 .
987 2030 994 2037 .
1021 2030 1027 2037 .

135 2050 234 2079 “Nec
250 2050 349 2079 coiere
365 2048 489 2088 pares‚'¹
507 2052 562 2079 διο.

177 2095 207 2122 5.
223 2093 325 2131 justis
352 2092 595 2131 hostilibusque]
646 2092 705 2122 ‘In
730 2093 795 2122 real
815 2103 903 2129 wars,

132 2135 224 2165 those
254 2135 328 2165 with
359 2134 538 2174 stranger5,’
569 2136 710 2174 opposed
741 2140 774 2165 to
800 2146 819 2165 a
843 2146 905 2165 war

134 2182 140 2195 ‘
154 2179 236 2208 inter
252 2178 355 2208 cives.'
401 2178 430 2208 A
443 2178 513 2207 civil
524 2187 585 2206 war
596 2188 656 2207 was
669 2182 724 2208 not
737 2189 755 2208 a
765 2179 903 2217 ‘justum

134 2221 276 2255 bellum‚'
293 2221 340 2250 for
363 2221 389 2250 it
412 2231 473 2250 was
497 2221 634 2259 wanting
657 2222 688 2250 in
713 2222 766 2251 the
789 2232 904 2261 proper

133 2264 319 2294 ceremonial
347 2263 449 2293 which
480 2263 631 2301 preceded
657 2274 675 2293 a
699 2275 761 2294 war
784 2265 860 2294 with
886 2275 904 2294 a

133 2306 253 2345 foreign
270 2316 391 2345 enemy.
439 2308 457 2322 ‘⁴
471 2306 599 2336 ,Iustum
616 2307 710 2345 igitur
723 2307 839 2336 bellum
856 2312 904 2338 est

134 2349 218 2388 quod
256 2350 424 2388 suscipitur
450 2349 597 2378 omnibus
628 2359 665 2379 ex
692 2350 801 2380 ordine
833 2360 902 2389 per-

132 2392 262 2431 petratis
299 2402 378 2430 quae
408 2401 483 2420 usus
520 2395 552 2421 et
586 2392 665 2421 ritus
695 2393 901 2431 postularent,

133 2435 249 2464 bellum
267 2434 361 2473 igitur
373 2435 460 2473 justo
476 2444 562 2463 more
578 2435 765 2473 inceptum”
781 2436 898 2475 (Oseu-

132 2479 301 2515 brueggem
320 2477 369 2506 De
391 2477 469 2507 Jure
494 2477 573 2506 Belli
597 2481 628 2507 et
654 2478 740 2508 Pacis
767 2479 902 2508 Roman.

133 2530 163 2559 p.
181 2519 248 2559 23).
295 2519 373 2558 Livy
389 2520 445 2554 (ix.
467 2518 497 2558 1)
515 2524 587 2558 puts
610 2521 641 2549 in
665 2521 719 2550 the
743 2522 854 2551 mouth
870 2522 906 2551 of

134 2563 265 2592 Pontius
281 2562 335 2591 the
352 2562 466 2591 Sabine
489 2562 577 2592 these
594 2563 712 2593 words:
740 2567 758 2580 ‘⁸
771 2564 901 2594 Justum

132 2608 180 2635 est
203 2605 330 2640 bellum,
349 2604 515 2639 Samnites,
541 2605 654 2644 quibus
678 2607 897 2643 necessarium,

132 2652 164 2678 et
179 2648 229 2687 pia
245 2657 331 2676 arma
347 2647 460 2687 quibus
476 2648 561 2677 nulla
576 2649 635 2677 nisi
651 2649 684 2678 in
699 2650 793 2679 armis
808 2650 900 2679 relin-

132 2691 239 2730 quitur
256 2689 362 2729 spes.’'

173 2734 223 2764 vel
235 2755 242 2762 .
261 2755 268 2762 .
287 2755 294 2762 .
307 2734 357 2762 vel
373 2755 381 2762 .
399 2755 406 2762 .
425 2755 432 2762 .
449 2732 513 2771 vel]
541 2733 657 2762 Which
670 2744 731 2772 you
743 2735 901 2773 please.—

131 2780 138 2793 ‘
153 2776 318 2806 arcessitus
328 2775 348 2804 :y
370 2775 406 2805 C.
419 2775 453 2804 F.
467 2776 504 2805 G.
520 2776 555 2805 R.
571 2776 649 2805 have
661 2780 667 2792 ‘
681 2777 870 2813 accersitus,’
884 2788 902 2807 a

129 2820 206 2849 false
225 2819 315 2854 form,
333 2818 434 2848 which
455 2818 597 2848 however
613 2829 699 2848 came
715 2819 781 2849 into
798 2830 853 2850 use
868 2821 901 2850 in

129 2863 216 2901 place
228 2862 262 2891 of
271 2861 325 2891 the
336 2864 406 2891 true
417 2861 508 2890 form.
533 2861 719 2891 ‘Evocatus’
731 2873 802 2901 may
810 2873 901 2892 mean

129 2915 190 2944 any
202 2914 313 2944 person
329 2904 398 2934 who
422 2904 447 2933 is
464 2904 650 2933 summoned
668 2904 706 2943 by
719 2905 877 2945 authority
891 2917 898 2941 ς

950 1847 986 1866 or
997 1836 1022 1865 it
1036 1846 1106 1874 may
1117 1836 1156 1865 be
1168 1836 1245 1865 used
1261 1835 1336 1866 here
1351 1836 1384 1866 in
1396 1837 1450 1866 the
1469 1836 1624 1867 technical
1636 1847 1726 1867 sense

951 1879 985 1909 of
1013 1889 1031 1908 a
1062 1889 1135 1908 man
1162 1879 1231 1908 who
1261 1879 1287 1908 is
1318 1880 1505 1909 summoned
1531 1883 1564 1909 to
1588 1880 1726 1919 military

951 1922 1066 1951 service
1081 1922 1143 1951 and
1160 1921 1266 1951 bound
1283 1926 1316 1951 to
1333 1922 1413 1961 obey
1429 1923 1483 1952 the
1500 1923 1610 1959 order;
1635 1933 1668 1952 as
1692 1923 1725 1952 in

951 1965 1075 2000 Caesar,
1098 1965 1133 1994 B.
1152 1964 1190 1994 G.
1208 1965 1249 1994 iii.
1268 1966 1318 1999 20,
1345 1969 1364 1981 “
1377 1966 1483 1994 multis
1500 1966 1573 1994 viris
1593 1965 1725 1995 fortibus

1053 2017 1091 2036 ex
1125 2008 1172 2037 his
1210 2007 1391 2046 regionibus
1429 2008 1616 2038 nominatim
1653 2018 1725 2038 evo-

953 2049 1052 2080 catis.y
1058 2050 1066 2063 ⁷

993 2103 1012 2123 a
1037 2094 1189 2132 Pompeio
1217 2093 1377 2132 discessil]
1436 2093 1494 2123 See
1518 2093 1573 2123 the
1600 2093 1721 2123 Introd.

949 2136 1080 2165 Abrami
1122 2136 1318 2174 conjectures
1355 2136 1425 2166 that
1464 2136 1632 2166 Deiotarus
1666 2137 1724 2166 left

950 2179 1117 2218 Pompeius
1141 2183 1173 2208 at
1198 2179 1333 2218 Cyprus,
1357 2179 1447 2208 when
1473 2179 1639 2218 Pompeius
1660 2189 1722 2209 was

948 2223 1042 2260 going
1068 2226 1101 2251 to
1126 2222 1242 2261 Egypt.
1291 2222 1429 2261 Perhaps
1457 2222 1495 2251 he
1520 2222 1576 2251 left
1600 2222 1665 2251 him
1690 2225 1723 2251 at

949 2265 1113 2304 Mytilene,
1149 2265 1198 2294 for
1238 2265 1406 2304 Pompeius
1444 2265 1541 2294 called
1578 2265 1723 2294 there.—

949 2310 956 2324 ‘
969 2318 1056 2347 spem
1073 2308 1229 2337 infinitam
1241 2306 1260 2337 :'
1285 2317 1303 2337 a
1318 2308 1401 2347 hope
1417 2307 1486 2337 that
1506 2308 1664 2347 promised
1680 2317 1722 2337 no

947 2350 1018 2385 end,
1038 2360 1079 2380 no
1095 2351 1201 2390 happy
1217 2350 1325 2381 result.

994 2393 1050 2423 Cn.
1074 2393 1228 2433 Domitii]
1279 2394 1338 2423 See
1361 2393 1415 2423 the
1439 2393 1560 2423 Introd.
1584 2393 1648 2422 and
1671 2393 1721 2423 De

947 2435 1026 2466 Bell.
1059 2436 1149 2465 Alex.
1189 2446 1214 2465 c.
1248 2436 1491 2467 34.—‘tectis:’
1531 2436 1571 2465 he
1607 2435 1719 2474 lodged

945 2479 1044 2514 them,
1061 2479 1089 2508 if
1107 2479 1162 2508 the
1177 2479 1307 2517 reading
1330 2479 1357 2508 is
1375 2479 1470 2517 right.
1517 2479 1557 2508 R.
1574 2479 1631 2508 has
1648 2482 1655 2495 ‘
1667 2488 1720 2508 ve-

946 2521 1035 2552 teris’
1054 2522 1100 2550 for
1117 2525 1124 2537 ⁴
1140 2521 1251 2551 tectis)
1299 2524 1306 2538 ‘
1318 2521 1457 2551 Veteris’
1474 2521 1531 2551 has
1554 2531 1596 2551 no
1612 2531 1719 2551 mean-

945 2565 1008 2603 ing,
1026 2564 1084 2594 but
1107 2565 1132 2593 it
1153 2575 1223 2603 may
1239 2563 1278 2594 be
1294 2574 1312 2594 a
1335 2565 1517 2603 corruption
1533 2564 1569 2594 of
1588 2564 1720 2593 another

945 2607 1040 2637 word.
1093 2607 1258 2636 Manutius
1290 2607 1482 2636 understood
1514 2606 1646 2645 ‘copiis’
1685 2610 1718 2636 to

946 2660 1037 2679 mean
1071 2649 1126 2679 the
1164 2653 1272 2689 troops
1303 2650 1378 2679 with
1410 2649 1511 2679 which
1551 2649 1719 2679 Deiotarus

945 2693 1035 2722 aided
1066 2693 1233 2722 Domitius.
1283 2693 1377 2721 Halm
1404 2692 1493 2722 takes
1517 2692 1543 2721 it
1567 2696 1599 2721 to
1627 2701 1718 2720 mean

948 2735 1363 2775 ‘supplies.’—‘Ephesum
1393 2735 1432 2764 ad
1462 2734 1566 2764 eum:'
1601 2743 1647 2762 we
1676 2733 1716 2763 do

945 2782 1002 2807 not
1033 2779 1124 2807 know
1154 2778 1258 2807 whom
1289 2777 1398 2807 Cicero
1432 2776 1713 2806 means—‘Phar-

945 2820 1086 2850 nacem?
1119 2830 1170 2850 see
1197 2821 1251 2850 the
1283 2820 1405 2850 Introd.
1452 2820 1626 2849 Pharnaces
1653 2828 1716 2848 was

947 2862 1127 2894 Deiotarus’
1145 2873 1256 2903 enemy
1273 2863 1378 2893 before
1395 2862 1434 2892 he
1450 2871 1510 2891 was
1527 2860 1678 2891 Caesar's.
