1816 3211
117 180 198 220 620
312 178 485 221 ORAT.
520 179 1032 221 PHILIPPIOARUM
1067 178 1252 220 LIBER
1283 179 1503 222 NONUS.

114 292 199 342 bat,
229 305 363 347 neque
393 291 612 333 instituere
638 292 774 334 litium
807 292 997 333 actiones
1029 292 1211 333 malebat
1237 307 1361 348 quam
1390 293 1696 334 controversias

113 357 271 398 tollere.
315 357 431 411 Ergo
447 357 524 397 hoc
540 362 705 398 statuae
726 362 994 398 monumento
1017 371 1099 396 non
1120 362 1218 412 eget
1236 373 1244 397 :
1279 357 1405 398 habet
1423 357 1504 397 alia
1524 358 1699 412 majora.

116 420 237 461 Haec
272 421 381 461 enim
412 426 555 461 statua
585 420 734 461 mortis
766 421 966 462 honestae
996 421 1121 462 testis
1149 421 1242 471 erit,
1277 421 1345 461 illa
1370 422 1569 462 memoria
1591 422 1700 463 vitae

112 486 331 540 gloriosae,
355 490 402 525 ut
423 486 500 525 hoc
521 484 654 539 magis
674 490 988 526 monumentum
1008 485 1120 539 grati
1151 490 1321 527 senatus
1346 500 1468 541 quam
1502 486 1599 527 clari
1627 486 1702 526 viri

113 550 299 590 futurum
320 549 388 590 sit.
451 549 636 589 Multum
656 549 783 590 etiam
803 550 979 590 valuisse
1000 551 1053 591 ad
1074 551 1207 605 patris
1237 551 1439 591 honorem
1466 550 1602 605 pietas
1630 550 1702 590 filii

112 614 329 663 videbitur,
346 613 414 668 qui
431 628 678 668 quamquam
695 614 875 655 afflictus
895 614 1011 656 luctu
1032 630 1115 655 non
1135 616 1270 666 adest,
1286 620 1429 656 tamen
1450 615 1509 656 sic
1530 615 1703 656 animati

113 693 204 719 esse
234 678 396 720 debetis
429 685 476 720 ut
508 679 543 720 si
574 679 641 719 ille
673 680 854 721 adesset.
915 680 997 721 Est
1027 685 1168 722 autem
1201 681 1261 722 ita
1292 681 1467 721 affectus
1500 686 1547 721 ut
1581 693 1702 720 nemo

111 757 308 798 umquam
329 743 438 784 unici
466 743 537 784 filii
559 748 738 785 mortem
768 744 902 799 magis
934 745 1112 786 doluerit
1134 760 1257 800 quam
1277 745 1343 785 ille
1365 749 1524 786 maeret
1553 744 1700 799 patris.

113 807 174 849 Et
200 808 366 862 quidem
393 808 592 850 etiamad
614 809 766 848 famam
798 808 887 849 Ser.
912 808 1081 864 Sulpicii
1113 809 1184 850 filii
1211 809 1393 850 arbitror
1414 809 1625 864 pertinere
1654 813 1703 850 ut

111 873 300 914 videatur
323 873 522 913 honorem
558 873 745 914 debitum
779 874 888 928 patri
914 874 1190 928 praestitisse.
1254 875 1512 929 Quamquam
1545 874 1702 914 nullum

111 942 426 978 monumentum
449 937 599 978 clarius
622 937 711 979 Ser.
737 938 944 993 Sulpicius
965 938 1197 993 relinquere
1218 939 1356 993 potuit
1377 953 1500 994 quam
1522 938 1703 993 effigiem

110 1016 273 1042 morum
299 1016 478 1051 suorum,
502 1001 682 1051 virtutis,
716 1003 990 1051 constantiae,
1020 1003 1203 1057 pietatis,
1227 1003 1392 1057 ingenii,
1416 1003 1557 1053 filium,
1581 1003 1703 1057 cujus

109 1066 247 1108 luctus
268 1071 343 1107 aut
363 1067 443 1107 hoc
464 1067 620 1106 honore
641 1072 779 1108 vestro
801 1075 875 1107 aut
896 1068 1007 1107 nullo
1028 1068 1180 1108 solatio
1201 1068 1324 1108 levari
1345 1072 1499 1122 potest.

169 1131 250 1172 VI.
285 1131 394 1170 Mihi
414 1136 556 1172 autem
576 1131 814 1172 recordanti
838 1131 928 1172 Ser.
953 1132 1123 1186 Sulpicii
1143 1133 1298 1173 multos
1328 1132 1368 1172 in
1390 1137 1534 1173 nostra
1555 1131 1702 1172 famili-

109 1196 262 1237 aritate
293 1210 506 1235 sermones
535 1195 695 1250 gratior
726 1195 782 1235 illi
813 1195 989 1246 videtur,
1024 1197 1060 1237 si
1097 1197 1167 1251 qui
1203 1201 1269 1237 est
1301 1211 1448 1237 sensus
1475 1197 1517 1236 in
1549 1205 1699 1246 morte,

108 1274 237 1301 aenea
259 1264 401 1300 statua
425 1260 567 1300 futura
588 1264 631 1300 et
652 1275 701 1300 ea
722 1260 929 1315 pedestris
961 1276 1086 1315 quam
1111 1261 1303 1302 inaurata
1325 1261 1541 1316 equestris,
1566 1261 1701 1316 qualis

112 1324 160 1364 L.
177 1324 315 1365 Sullae
336 1324 514 1378 primum
531 1329 695 1366 statuta
713 1329 792 1366 est.
839 1325 1020 1366 Mirifice
1036 1327 1145 1366 enim
1165 1326 1254 1367 Ser.
1271 1326 1479 1381 Sulpicius
1496 1326 1701 1380 majorum

108 1389 408 1430 continentiam
428 1388 639 1443 diligebat,
673 1389 797 1444 hujus
819 1390 977 1430 saeculi
1005 1390 1269 1432 insolentiam
1290 1391 1572 1445 vituperabat.
1635 1390 1701 1432 Ut

108 1454 235 1509 igitur
258 1454 292 1494 si
325 1454 460 1508 ipsum
481 1454 693 1495 consulam
715 1454 814 1509 quid
844 1455 954 1502 velit,
976 1455 1035 1496 sic
1066 1456 1304 1510 pedestrem
1325 1471 1377 1497 ex
1398 1470 1494 1497 aere
1514 1459 1700 1497 statuam

107 1524 321 1574 tamquam
353 1534 406 1559 ex
437 1519 527 1573 ejus
553 1519 810 1560 auctoritate
843 1525 886 1560 et
913 1521 1130 1561 voluntate
1162 1521 1365 1569 decern03
1401 1534 1504 1575 quae
1533 1520 1700 1575 quidem

107 1599 303 1639 magnum
325 1584 473 1625 civium
499 1585 684 1625 dolorem
712 1590 755 1626 et
784 1585 1033 1626 desiderium
1062 1586 1218 1626 honore
1250 1585 1508 1626 monumenti
1540 1585 1699 1625 minuet

108 1655 152 1690 et
172 1649 311 1690 leniet.
372 1649 519 1704 Atque
540 1649 647 1690 hanc
668 1664 804 1690 meam
824 1650 1088 1701 sententiam,
1112 1655 1253 1705 patres
1274 1650 1509 1704 conscripti,
1534 1649 1585 1690 P.
1605 1649 1698 1689 Ser-

107 1714 190 1754 vilii
211 1714 419 1755 sententia
440 1713 703 1768 comprobari
723 1728 895 1755 necesse
917 1719 995 1764 est,
1019 1714 1088 1769 qui
1109 1715 1343 1768 sepulcrum
1364 1713 1528 1768 publice
1557 1714 1698 1754 decer-

107 1779 287 1818 nendum
311 1778 399 1818 Ser.
424 1777 606 1832 Sulpicio
629 1778 804 1827 censuit,
828 1782 1014 1819 statuam
1035 1792 1117 1818 non
1138 1778 1312 1818 censuit.
1377 1778 1486 1818 Nam
1518 1777 1553 1818 si
1583 1793 1697 1818 mors

107 1842 235 1895 legati
256 1842 343 1882 sine
365 1842 490 1882 caede
506 1846 632 1896 atque
653 1841 763 1882 ferro
785 1842 940 1882 nullum
961 1843 1159 1883 honorem
1176 1842 1398 1892 desiderat,
1418 1857 1491 1882 cur
1508 1842 1698 1883 decernit

107 1906 307 1946 honorem
337 1906 588 1959 sepulturae,
611 1905 680 1959 qui
710 1906 916 1946 maximus
948 1907 1091 1947 haberi
1124 1911 1266 1961 potest
1296 1908 1488 1947 mortuo?
1549 1907 1623 1946 Sin
1654 1906 1697 1947 id

107 1969 257 2011 tribuit
280 1969 367 2010 Ser.
393 1969 577 2023 Sulpicio
599 1971 709 2023 quod
730 1985 812 2010 non
834 1975 900 2011 est
921 1971 1066 2011 datum
1089 1971 1163 2012 On.
1188 1971 1375 2021 Octavio,
1400 1985 1486 2020 cur,
1509 1971 1618 2026 quod
1640 1971 1698 2011 illi

108 2035 253 2075 datum
274 2038 350 2084 est,
375 2034 470 2074 huic
492 2034 673 2073 dandum
696 2049 787 2074 esse
808 2049 891 2074 non
912 2037 1085 2076 censet?
1147 2035 1335 2088 Majores
1367 2035 1534 2089 quidem
1565 2035 1697 2076 nostri

108 2103 271 2139 statuas
293 2098 433 2138 multis
455 2098 739 2148 decreverunt,
764 2100 951 2154 sepulcra
973 2099 1130 2154 paucis.
1193 2099 1277 2140 Sed
1297 2104 1464 2140 statuae
1484 2099 1697 2140 intereunt

107 2168 374 2218 tempestate,
398 2163 450 2212 vi,
472 2168 711 2210 vetustate;
746 2164 1029 2218 sepulcrorum
1051 2169 1193 2205 autem
1209 2165 1415 2206 sanctitas
1436 2164 1477 2204 in
1498 2164 1587 2219 ipso
1607 2165 1696 2206 solo

109 2260 144 2290 of
157 2261 211 2290 the
226 2261 294 2290 rule
309 2260 344 2289 of
356 2261 414 2290 law
430 2270 465 2290 or
480 2260 516 2290 of
527 2261 581 2291 the
598 2261 675 2291 Lex.
721 2261 799 2291 This
814 2271 877 2291 was

109 2313 128 2332 a
154 2303 283 2332 method
304 2303 403 2332 which
431 2303 493 2332 had
514 2303 563 2333 for
582 2304 622 2333 its
650 2304 804 2343 principle
825 2304 879 2334 the

109 2345 271 2374 reduction
301 2346 337 2375 of
363 2346 417 2375 the
446 2346 504 2375 law
527 2350 560 2376 to
590 2357 608 2375 a
634 2346 791 2376 readiness
818 2346 879 2376 and

111 2388 246 2417 casiness
276 2388 311 2416 of
344 2388 533 2427 application
565 2388 735 2429 (facilitas),
763 2399 781 2418 a
811 2399 881 2419 sure

111 2430 240 2459 method
261 2430 296 2459 of
316 2430 460 2469 avoiding
482 2431 623 2470 disputes
646 2431 743 2461 about
765 2432 809 2468 it;
832 2431 881 2461 for

111 2473 166 2501 the
189 2472 287 2501 result
309 2472 343 2501 of
362 2473 512 2512 referring
534 2478 566 2503 to
590 2475 644 2503 the
666 2474 834 2513 principles
850 2473 885 2503 of

113 2515 207 2553 plain,
224 2515 345 2553 simple,
359 2515 420 2543 and
436 2515 549 2545 honest
564 2516 803 2555 interpretation
819 2526 881 2546 was

113 2557 183 2586 that
212 2557 387 2586 difficulties
413 2567 494 2587 were
523 2560 668 2589 removed
698 2559 821 2589 instead
850 2559 885 2588 of

113 2599 206 2637 being
222 2599 322 2633 made,
339 2599 399 2628 and
417 2602 641 2640 consequently
656 2602 734 2631 suits
750 2601 880 2631 avoided

113 2641 235 2671 instead
251 2641 286 2669 of
298 2640 391 2679 being
407 2642 527 2672 caused.

156 2685 214 2713 illa
244 2684 412 2722 memoria]
462 2683 557 2713 ‘Illa'
594 2685 690 2715 refers
728 2688 761 2715 to
801 2686 881 2715 ‘alia

114 2725 254 2765 majora.’
300 2725 405 2754 Those
428 2728 549 2763 greater
576 2727 683 2765 things
708 2728 810 2758 which
841 2728 881 2758 he

113 2769 169 2798 has
185 2769 266 2798 done
281 2777 332 2797 are
348 2767 403 2797 the
418 2768 525 2797 record
541 2769 576 2798 of
588 2779 606 2797 a
622 2770 758 2807 glorious
774 2770 835 2800 life.

157 2812 188 2841 6.
210 2812 238 2840 si
262 2811 315 2849 qui
337 2812 383 2839 est
405 2820 514 2840 sensus
533 2810 566 2839 in
588 2812 705 2850 morte]
753 2813 830 2842 This
854 2812 880 2842 is

113 2864 131 2882 a
160 2853 259 2883 doubt
288 2852 389 2882 which
426 2853 467 2882 he
497 2853 675 2882 sometimes
706 2864 878 2893 expresses.

115 2896 175 2926 His
205 2896 350 2935 opinions
379 2904 421 2924 on
451 2894 506 2924 the
532 2894 736 2935 immortality
766 2897 802 2926 of
824 2897 878 2926 the

923 2261 1001 2297 soul,
1028 2271 1063 2290 οι·
1085 2263 1117 2291 at
1142 2261 1222 2291 least
1248 2261 1331 2291 what
1355 2261 1396 2291 he
1422 2263 1519 2291 wrote
1542 2271 1618 2291 near
1641 2261 1696 2291 the

923 2304 984 2333 end
1000 2304 1035 2333 of
1046 2304 1095 2334 his
1110 2304 1172 2339 life,
1186 2314 1237 2334 are
1253 2304 1285 2333 in
1301 2304 1355 2333 the
1369 2305 1429 2334 last
1441 2304 1585 2343 chapters
1597 2304 1633 2333 of
1640 2304 1696 2334 the

925 2347 975 2377 De
992 2347 1224 2376 Senectute.-—‘
1239 2349 1356 2376 statuta
1371 2350 1419 2376 est
1431 2347 1450 2376 τ’
1474 2347 1538 2376 this
1553 2347 1579 2376 is
1596 2347 1693 2377 Grae-

925 2389 1004 2418 vius’
1029 2389 1239 2418 emendation.
1276 2389 1305 2418 V
1320 2389 1376 2419 has
1394 2389 1549 2428 ‘primum
1566 2389 1693 2426 statua‚’

924 2432 986 2461 and
1003 2432 1033 2460 D
1051 2434 1057 2448 ‘
1072 2432 1173 2470 prima
1189 2431 1314 2461 statua.’

969 2475 1186 2510 insolentiam]
1233 2474 1310 2503 This
1337 2473 1421 2503 word
1445 2474 1472 2504 is
1495 2474 1634 2513 opposed
1660 2476 1694 2504 to

926 2515 1194 2551 ‘continentiam,'
1234 2517 1295 2546 and
1336 2519 1421 2547 must
1461 2527 1554 2546 mean
1591 2519 1694 2546 extra-

926 2562 1040 2598 vagant
1055 2559 1271 2598 expenditure.

967 2602 1185 2640 sepulcrorum
1197 2602 1353 2631 sanctitas
1365 2602 1397 2631 in
1410 2602 1477 2640 ipso
1492 2601 1574 2639 solo]
1600 2601 1619 2617 “
1630 2601 1693 2630 Re-

924 2644 1070 2682 ligiosum
1108 2653 1181 2673 vero
1218 2647 1327 2673 nostra
1363 2644 1525 2673 voluntate
1562 2643 1693 2673 facimus

925 2689 1085 2715 mortuum
1112 2686 1282 2715 inferentes
1306 2686 1338 2715 in
1363 2687 1466 2715 locum
1491 2688 1646 2721 nostrum,
1667 2686 1693 2715 si

925 2729 1019 2758 modo
1035 2729 1102 2767 ejus
1119 2729 1235 2758 mortui
1261 2728 1356 2758 funus
1379 2729 1417 2758 ad
1440 2738 1498 2758 nos
1524 2727 1690 2767 pertinet'’

926 2771 1050 2810 (Gaius,
1074 2771 1106 2799 ii.
1124 2770 1168 2810 6).
1215 2770 1273 2800 See
1295 2771 1413 2800 Justin.
1438 2770 1545 2800 Instit.
1563 2770 1594 2799 ii.
1614 2771 1641 2799 1.
1658 2772 1691 2805 9,

923 2813 984 2842 and
1016 2812 1197 2842 Schrader-’s
1222 2815 1331 2849 notes3
1363 2812 1425 2843 and
1455 2813 1529 2851 Dig.
1560 2812 1612 2847 47.
1640 2812 1690 2848 12,

925 2858 932 2872 ‘
945 2856 995 2885 De
1011 2855 1153 2895 sepulcro
1168 2855 1306 2886 violato!
