1816 3211
706 193 840 235 GAP.
874 195 911 243 1,
936 195 975 233 2.
1559 199 1638 238 659

42 305 122 348 tari
148 320 334 347 uxorem.
376 307 459 348 Hie
480 306 608 349 etiam
629 306 816 348 fautores
838 306 1028 356 Antonii,
1050 321 1226 362 quorum
1246 307 1288 348 in
1306 307 1422 348 vultu
1442 308 1639 350 habitant

41 371 148 412 oculi
168 371 261 421 mei,
285 371 493 413 tristiores
513 371 719 414 videbam.
781 372 902 424 Quod
923 371 959 413 si
978 387 1062 413 non
1088 372 1149 413 ita
1176 378 1254 423 est,
1278 386 1352 413 cur
1372 387 1397 413 a
1419 372 1574 414 Pisone
1595 378 1641 414 et

42 435 195 477 Caleno
226 437 501 492 potissimum,
525 451 599 478 cur
628 437 707 477 hoc
737 441 940 492 tempore,
963 451 1037 478 cur
1066 442 1153 478 tam
1183 437 1421 493 improviso,
1453 452 1527 478 cur
1547 443 1638 479 tam

38 507 213 556 repente
234 502 349 556 pacis
370 506 434 543 est
454 502 567 543 facta
586 501 771 543 mentio?
832 501 972 556 Negat
994 501 1095 543 Piso
1117 502 1223 543 scire
1240 517 1296 554 se,
1321 507 1451 558 negat
1470 502 1637 544 audisse

40 566 291 621 quidquam:
321 572 450 621 negat
471 566 649 608 Galenus
673 582 762 608 rem
793 567 920 607 ullam
944 582 1095 608 novam
1121 568 1289 609 allatam
1324 582 1430 610 esse.
1491 568 1639 622 Atque

39 631 83 671 id
103 645 214 671 nunc
234 636 403 686 negant,
431 637 703 686 posteaquam
735 646 812 672 nos
844 631 1130 687 pacificatoria
1159 632 1371 687 legatione
1402 633 1639 688 implicatos

38 699 206 750 putant.
254 695 364 747 Quid
386 710 486 750 ergo
508 710 611 750 opus
633 702 698 736 est
719 711 825 737 novo
844 696 1029 746 consilio,
1048 697 1083 738 si
1104 697 1146 737 in
1166 712 1210 738 re
1231 698 1332 738 nihil
1354 698 1521 738 omnino
1542 698 1639 738 novi

40 760 135 801 est?
195 759 258 799 II.
290 759 484 814 Decepti,
508 760 685 814 decepti,
718 760 899 814 inquam,
934 776 1089 811 sumus,
1113 768 1254 816 patres
1274 763 1522 817 conscripti:
1549 763 1641 802 An-

39 824 143 866 tonii
164 829 230 866 est
250 829 348 865 acta
373 838 522 865 caussa
551 825 603 864 ab
633 824 779 865 amicis
811 825 912 878 ejus,
947 840 1027 866 non
1060 826 1239 880 publica.
1303 826 1425 877 Quod
1446 826 1640 867 videbam

40 889 243 944 equidem,
267 890 340 930 sed
370 888 488 944 quasi
520 904 592 944 per
623 889 866 943 caliginem:
901 890 1233 944 praestrinxerat
1262 891 1394 931 aciem
1425 890 1551 931 animi
1583 890 1639 931 D.

39 954 164 995 Bruti
191 954 314 995 salus.
377 954 500 1006 Quod
521 954 619 994 siin
640 954 748 995 bello
779 954 868 995 dari
895 955 1038 995 vicarii
1068 955 1264 1004 solerent,
1297 955 1474 996 libenter
1500 970 1567 995 me
1592 960 1640 996 ut

41 1018 97 1060 D.
121 1019 280 1060 Brutus
312 1018 579 1060 emitteretur
610 1033 685 1073 pro
718 1018 787 1059 illo
819 1019 972 1060 includi
1004 1025 1186 1074 paterer.
1247 1020 1393 1076 Atque
1425 1020 1505 1061 hac
1540 1034 1642 1061 voce

41 1084 92 1136 Q.
115 1083 227 1124 Fufii
249 1083 362 1138 capti
382 1097 548 1124 sumus:
586 1087 660 1124 ‘ne
682 1084 716 1124 si
737 1098 763 1124 a
787 1084 958 1125 Mutina
979 1085 1145 1139 quidem
1166 1085 1399 1136 recesserit,
1423 1085 1642 1126 audiemus

42 1148 302 1189 Antonium?
333 1163 385 1189 ne
405 1147 440 1188 si
461 1148 503 1188 in
524 1153 695 1189 senatus
726 1149 893 1203 quidem
920 1154 1135 1204 potestate
1162 1150 1350 1191 futurum
1371 1165 1416 1191 se
1438 1149 1592 1191 dixerit
1609 1148 1640 1190 Γ

41 1211 206 1252 Durum
227 1212 469 1259 vi(lebatur;
503 1212 646 1268 itaque
680 1213 804 1254 fracti
837 1227 992 1263 sumus,
1033 1214 1248 1256 cessimus.
1297 1214 1478 1256 Recedit
1512 1214 1643 1270 igitur

39 1292 65 1318 a
81 1277 278 1318 Mutina?
311 1281 320 1298 ⁶
338 1276 522 1318 Nescio?
573 1278 702 1319 Paret
725 1278 920 1319 senatui?
953 1281 963 1299 ⁶
982 1277 1145 1328 Credo?
1163 1279 1301 1334 inquit
1327 1279 1519 1329 Calenus,
1545 1279 1642 1319 ‘sed

39 1342 101 1383 ita
132 1347 181 1383 ut
215 1347 359 1383 teneat
394 1342 672 1396 dignitatem?
734 1341 871 1383 Valde
906 1342 1074 1384 hercule
1106 1344 1224 1384 vobis
1259 1344 1531 1385 laborandum
1563 1348 1641 1393 est,

39 1411 182 1461 patres
203 1407 439 1462 conscripti,
459 1412 507 1448 ut
522 1412 705 1448 vestram
728 1407 978 1462 dignitatem
998 1408 1220 1457 amittatis,
1239 1423 1344 1463 quae
1365 1408 1547 1449 maxima
1563 1415 1642 1457 est,

42 1471 232 1521 Antonii,
256 1486 360 1527 quae
392 1486 527 1527 neque
557 1476 623 1513 est
653 1472 736 1512 ulla
763 1486 896 1527 neque
917 1487 1009 1513 esse
1030 1478 1186 1527 potest,
1209 1473 1439 1522 retineatis,
1472 1478 1519 1514 ut
1551 1487 1644 1513 eam

37 1551 112 1592 per
129 1551 202 1577 vos
214 1542 431 1591 recuperet
453 1551 578 1591 quam
598 1550 672 1591 per
688 1550 734 1577 se
756 1537 952 1591 perdidit.
1011 1537 1054 1577 Si
1072 1538 1221 1592 jacens
1243 1538 1461 1579 vobiscum
1485 1537 1642 1592 aliquid

39 1606 198 1655 ageret,
217 1601 406 1642 audirem
431 1601 624 1650 fortasse,
640 1602 1025 1656 quamquam—sed
1047 1602 1125 1642 hoc
1142 1602 1251 1643 malo
1274 1602 1423 1653 dicere,
1440 1602 1641 1643 audirem.

42 1664 183 1707 Stanti
208 1665 489 1707 resistendum
510 1670 588 1715 est,
611 1673 686 1706 aut
707 1666 974 1706 concedenda
995 1681 1078 1707 una
1100 1681 1194 1707 cum
1216 1666 1424 1721 dignitate
1454 1667 1640 1708 libertas.

41 1729 105 1772 At
139 1744 223 1771 non
255 1734 321 1771 est
352 1730 590 1786 integrum:
638 1731 873 1772 constituta
904 1731 1060 1787 legatio
1097 1736 1176 1772 est.
1238 1732 1348 1784 Quid
1380 1737 1523 1773 autem
1559 1746 1643 1772 non

39 1794 251 1850 integrum
271 1799 337 1836 est
362 1795 555 1851 sapienti,
579 1795 689 1850 quod
719 1795 885 1836 restitui
916 1798 1085 1850 potest?
1145 1795 1337 1851 Oujusvis
1367 1797 1546 1837 hominis
1576 1801 1643 1838 est

39 1873 205 1907 errare;
238 1860 390 1900 nullius
423 1860 504 1901 nisi
540 1860 778 1915 insipientis
805 1860 849 1900 in
879 1874 1020 1901 errore
1050 1875 1340 1915 perseverare;
1386 1861 1642 1917 posteriores

40 1923 150 1964 enirn
171 1924 462 1978 cogitationes,
486 1929 534 1965 ut
555 1924 685 1975 aiunt,
709 1924 986 1980 sapientiores
1005 1924 1142 1966 solent
1171 1939 1274 1966 esse.
1338 1925 1544 1967 Discussa
1573 1929 1641 1966 est

39 1988 110 2029 illa
137 1987 271 2042 caligo
304 2002 426 2042 quam
458 1988 595 2042 paullo
630 1993 729 2029 ante
760 1989 869 2029 dixi:
904 1988 1067 2040 diluxit,
1103 1993 1234 2043 patet,
1266 1989 1455 2032 videmus
1486 1990 1637 2039 omnia,

39 2067 174 2107 neque
195 2066 269 2107 per
289 2067 366 2093 nos
386 2052 534 2101 solum,
557 2052 630 2093 sed
651 2053 921 2094 admonemur
941 2067 967 2093 a
987 2054 1155 2094 nostris.
1216 2053 1479 2096 Attendistis
1500 2056 1637 2110 paullo

39 2122 140 2158 ante
171 2116 522 2172 praestantissimi
543 2116 618 2157 viri
652 2131 758 2171 quae
785 2121 899 2157 esset
929 2117 1078 2158 oratio.
1143 2117 1367 2167 Maestam,
1396 2119 1543 2173 inquit,
1567 2119 1639 2160 do-

39 2197 153 2223 mum
174 2181 338 2231 offendi,
363 2181 598 2235 conjugem,
630 2181 796 2223 liberos.

39 2247 144 2288 bant
174 2246 307 2296 amici,
330 2246 442 2301 quod
473 2260 544 2300 spe
575 2245 691 2300 pacis
721 2246 974 2301 legationem
1008 2246 1299 2302 suscepissem.

42 2311 94 2353 P.
117 2311 278 2353 Servili.

84 2444 153 2474 Hic
163 2443 276 2483 etiam]
324 2443 364 2473 In
379 2443 434 2473 the
446 2444 619 2473 senata—⁴
631 2451 765 2482 quorum
780 2443 813 2473 in

40 2487 130 2516 vultu
143 2485 162 2516 :'
188 2489 207 2503 ‘⁴
220 2495 298 2525 quos
319 2489 470 2526 perpetuo
491 2486 626 2522 intueor,
643 2495 661 2515 a
679 2495 813 2525 quorum

40 2529 130 2559 vultu
145 2528 252 2558 oculos
273 2538 429 2568 nusquam
445 2528 601 2558 dimoveo.
648 2527 697 2557 Ita
713 2528 815 2558 solent

41 2572 95 2611 qui
121 2571 259 2610 aliquem
282 2575 391 2601 amant
420 2574 475 2600 sut
504 2571 619 2601 timent
643 2574 698 2601 aut
727 2580 814 2600 reve-

41 2613 180 2644 rentur’'
200 2613 340 2653 (Caelius
357 2612 545 2651 Secundus).

84 2658 116 2686 2.
139 2655 271 2696 vicarii]
321 2656 380 2686 See
396 2655 456 2685 Pro
478 2656 625 2691 Murena,
641 2665 667 2685 c.
684 2656 737 2691 37,
753 2655 816 2685 and

43 2698 99 2729 the
114 2701 199 2728 note.

84 2742 118 2771 in
136 2763 144 2770 .
162 2763 170 2770 .
188 2763 196 2770 .
210 2742 370 2780 potestate
374 2739 550 2780 ficturum]
570 2739 591 2769 i.
616 2739 646 2769 D
663 2740 720 2770 has
737 2743 744 2757 ⁸
759 2750 816 2779 po·

40 2783 213 2815 testatem!
260 2786 280 2800 ⁴⁶
292 2782 354 2812 Vix
383 2782 468 2812 credi
497 2785 604 2821 potest
629 2782 816 2813 Ciceronem

42 2826 204 2866 scripsisse
219 2825 250 2855 h.
267 2825 289 2855 1.
306 2826 339 2854 in
357 2828 570 2864 potestatenm
596 2835 669 2855 nani
686 2826 718 2855 in
737 2825 816 2856 Phil.

42 2869 85 2899 iii.
102 2877 229 2909 quoque
247 2871 262 2905 ξ
279 2870 298 2898 8
315 2867 357 2907 (c.
370 2869 418 2906 4),
436 2868 466 2898 D
482 2867 601 2898 habent
615 2871 818 2898 retenturum

42 2912 77 2942 in
97 2913 303 2952 potestatem,
328 2911 383 2941 sed
398 2910 427 2941 V
446 2911 479 2941 in
497 2913 670 2950 potestate,
686 2914 722 2942 ut
740 2911 817 2942 item

858 2181 1195 2222 Admirabantur
1221 2183 1318 2224 boni
1348 2183 1435 2233 viri,
1465 2197 1637 2224 aecusa-

1361 2247 1401 2288 N
1404 2262 1450 2288 ec
1471 2248 1634 2298 mirum,

342 2310 445 2352 Tuis
484 2310 593 2352 enim
627 2310 851 2352 verissimis
889 2310 1228 2367 gravissimisque
1267 2312 1489 2355 sententiis
1524 2312 1636 2354 omni

858 2443 942 2473 Vin
958 2453 1004 2474 or.
1026 2444 1066 2474 vi.
1095 2446 1146 2481 §4
1172 2443 1214 2484 (c.
1232 2443 1265 2484 2)
1283 2447 1314 2475 et
1336 2454 1367 2475 x.
1392 2448 1465 2483 §25
1483 2446 1525 2484 (c.
1546 2446 1632 2487 11)”

859 2485 998 2526 (Halm).
1050 2486 1108 2517 See
1134 2487 1224 2517 Verr.
1249 2488 1280 2517 ii.
1308 2489 1339 2523 2,
1363 2498 1390 2518 c.
1415 2490 1467 2525 37,
1493 2494 1568 2520 note
1590 2499 1632 2519 on

858 2529 910 2558 ‘in
926 2529 1017 2559 istius
1034 2552 1041 2559 .
1060 2552 1068 2560 .
1087 2552 1094 2559 .
1110 2533 1217 2560 essent
1233 2531 1413 2569 potestate!

901 2572 948 2601 At
973 2581 1034 2602 non
1064 2575 1110 2602 est
1141 2573 1318 2612 irneyrum]
1366 2575 1396 2604 A
1423 2575 1512 2604 usual
1539 2574 1631 2609 form.

859 2613 960 2644 which
977 2614 1063 2644 often
1085 2624 1194 2645 occurs
1214 2616 1247 2645 in
1264 2616 1394 2646 Cicero:
1421 2621 1428 2633 ⁴
1442 2617 1506 2647 But
1530 2617 1555 2647 it
1571 2618 1632 2647 will

860 2656 899 2686 be
914 2657 980 2687 said
996 2667 1051 2699 we¹
1064 2667 1117 2688 are
1140 2661 1197 2688 not
1216 2662 1249 2687 at
1269 2658 1382 2698 liberty
1398 2663 1432 2690 to
1454 2664 1505 2690 act
1529 2669 1563 2689 as
1586 2669 1632 2689 we

859 2699 964 2739 plesse
976 2700 997 2729 ι’
1021 2700 1076 2730 the
1093 2700 1222 2740 Legatio
1238 2701 1264 2731 is
1280 2701 1402 2732 settled.

902 2744 939 2772 ut
955 2743 1061 2782 aiunt]
1096 2744 1124 2773 A
1135 2743 1309 2783 proverbial
1325 2743 1516 2783 expression,
1531 2743 1631 2773 which

861 2793 906 2814 we
921 2785 986 2815 find
1001 2785 1034 2816 in
1051 2785 1227 2826 Euripides'
1246 2787 1440 2826 Hippolytus
1454 2798 1460 2816 :

905 2843 938 2875 ai
954 2843 1101 2886 δεύτεραί
1119 2857 1192 2884 πως
1205 2845 1378 2887 φροντὶὃες
1395 2846 1589 2886 σοφώτεραι.

903 2913 1093 2953 verissimis]
1123 2913 1134 2943 i
1165 2913 1206 2950 D,
1239 2911 1484 2944 ‘severissimis’
1516 2911 1636 2942 Guliel-

809 2956 933 2996 uu‘Z
