1816 3211
706 169 839 211 GAP.
873 171 994 212 1—3.
1569 172 1651 216 617

60 281 139 322 nisi
162 281 214 322 P.
237 280 410 322 Servilio
441 282 774 337 respondendum
805 287 1009 338 putarem,
1034 282 1103 338 qui
1131 282 1241 324 hunc
1262 283 1462 324 honorem
1483 286 1649 325 statuae

60 346 214 388 nemini
242 346 509 387 tribuendum
530 348 694 389 censuit
713 348 792 389 nisi
813 348 849 389 ei
871 348 941 403 qui
962 348 1072 389 ferro
1094 352 1206 388 esset
1227 348 1269 388 in
1289 347 1501 403 legatione
1522 348 1649 389 inter-

29 415 31 417 ’
59 411 206 453 fectus.
268 412 362 466 Ego
401 417 553 462 autem,
596 417 737 467 patres
778 413 1017 468 conscripti,
1059 412 1120 454 sic
1167 413 1424 468 interpretor
1468 413 1649 454 sensisse

59 477 239 530 majores
259 481 429 517 nostros
444 482 492 518 ut
510 492 698 518 caussam
719 478 866 519 mortis
887 478 1136 529 censuerint,
1155 493 1238 519 non
1259 493 1393 533 genus
1414 492 1505 519 esse
1527 493 1651 533 quae-

58 542 246 582 rendum.
308 542 479 583 Etenim
507 542 574 583 cui
605 542 761 597 legatio
782 542 872 598 ipsa
892 543 1018 583 morti
1039 542 1197 592 fuisset,
1221 543 1312 597 ejus
1333 549 1650 584 monumentum

59 611 227 647 exstare
247 607 476 656 voluerunt,
500 612 548 647 ut
568 607 610 646 in
631 607 747 647 bellis
769 607 1013 662 periculosis
1034 607 1197 648 obirent
1218 608 1405 648 homines
1426 607 1650 663 legationis

58 685 209 712 munus
241 670 451 711 audacius.
514 670 610 711 Non
649 671 778 726 igitur
817 672 1007 727 exempla
1046 673 1252 726 majorum
1287 673 1536 728 quaerenda,
1576 672 1651 713 sed

60 735 274 776 consilium
310 739 376 775 est
408 749 551 776 eorum
572 750 597 776 a
617 750 699 790 quo
732 736 822 790 ipsa
855 737 1046 791 exempla
1078 742 1177 777 nata
1213 742 1312 778 sunt
1346 737 1650 792 explicandum.

60 799 122 840 II.
147 799 252 840 Lars
286 799 545 850 Tolumnius,
575 815 649 841 rex
682 800 937 850 Veientium,
967 805 1167 855 quattuor
1194 802 1359 856 legatos
1392 801 1533 856 populi
1566 802 1650 842 Ro-

58 865 169 906 mani
192 865 364 906 Fidenis
385 865 608 914 interemit,
628 879 804 920 quorum
824 869 990 906 statuae
1011 870 1222 907 steterunt
1243 880 1372 921 usque
1390 867 1442 906 ad
1464 871 1652 907 nostram

58 930 301 971 memoriam
321 930 363 970 in
383 929 544 972 rostris.
587 930 617 970 J
621 935 742 972 ustus
762 931 920 972 honos:
954 930 1005 971 iis
1022 930 1132 971 enim
1152 931 1332 985 majores
1348 931 1495 982 nostri,
1515 931 1584 985 qui
1599 932 1652 972 ob

57 1009 147 1035 rem
167 994 374 1049 publicam
394 1000 572 1036 mortem
594 995 793 1045 obierant,
812 1010 887 1050 pro
905 995 1020 1036 brevi
1041 995 1128 1037 vita
1149 996 1388 1036 diuturnam
1409 996 1652 1037 memoriam

58 1059 343 1101 reddiderunt.
408 1059 484 1101 Cn.
508 1060 687 1110 Octavii,
725 1061 825 1101 clari
856 1065 900 1101 et
927 1060 1067 1115 magni
1098 1060 1185 1111 viri,
1216 1061 1285 1116 qui
1317 1061 1475 1116 primus
1497 1061 1539 1101 in
1560 1075 1652 1101 eam

58 1123 255 1164 familiam
289 1139 394 1179 quae
426 1129 574 1179 postea
604 1125 703 1166 viris
737 1124 976 1166 fortissimis
1008 1124 1150 1166 floruit
1189 1125 1337 1167 attulit
1375 1126 1650 1176 consulatum,

59 1193 245 1230 statuam
265 1189 451 1230 videmus
471 1189 513 1229 in
535 1189 696 1231 rostris.
759 1189 893 1230 Nemo
926 1193 1017 1229 tum
1049 1190 1225 1230 novitati
1261 1190 1497 1231 invidebat:
1530 1203 1652 1230 nemo

58 1253 258 1294 virtutem
278 1268 361 1294 non
382 1254 629 1294 honorabat.
691 1253 755 1295 At
775 1268 824 1294 ea
843 1253 923 1294 fuit
951 1253 1106 1308 legatio
1130 1254 1296 1295 Octavii
1317 1255 1358 1295 in
1381 1269 1461 1309 qua
1482 1254 1652 1309 periculi

59 1318 240 1374 suspicio
262 1333 344 1359 non
365 1319 567 1360 subesset.
621 1318 729 1359 Nam
751 1333 877 1373 quum
899 1324 1012 1361 esset
1032 1320 1182 1360 missus
1202 1335 1227 1360 a
1248 1324 1397 1360 senatu
1419 1320 1470 1360 ad
1492 1320 1653 1361 animos

60 1398 205 1439 regum
226 1383 536 1438 perspiciendos
566 1383 872 1438 liberorumque
894 1384 1154 1439 populorum,
1175 1384 1436 1439 maximeque
1459 1389 1506 1425 ut
1527 1399 1652 1440 nepo-

60 1453 147 1489 tem
163 1448 274 1503 regis
298 1447 513 1497 Antiochi,
537 1448 626 1502 ejus
641 1448 711 1503 qui
733 1463 828 1489 cum
849 1449 1077 1502 majoribus
1098 1449 1254 1490 nostris
1275 1449 1428 1490 bellum
1448 1454 1651 1505 gesserat,

62 1514 216 1554 classes
248 1514 413 1563 habere,
437 1513 681 1568 elephantos
710 1514 820 1554 alere
841 1513 1097 1568 prohiberet,
1123 1514 1352 1555 Laodiceae
1374 1514 1414 1554 in
1435 1515 1652 1569 gymnasio

60 1593 86 1620 a
107 1579 284 1634 quodam
309 1578 487 1632 Leptine
509 1582 575 1619 est
596 1578 856 1619 interfectus.
919 1578 1102 1619 Reddita
1123 1584 1188 1620 est
1211 1579 1248 1620 ei
1270 1584 1360 1620 tum
1381 1594 1406 1620 a
1426 1580 1654 1634 majoribus

61 1649 204 1685 statua
225 1657 299 1697 pro
322 1642 418 1694 vita,
442 1657 546 1697 quae
580 1643 734 1684 multos
755 1658 830 1698 per
850 1658 980 1684 annos
1001 1644 1242 1698 progeniem
1275 1645 1366 1698 ejus
1394 1645 1651 1693 honestaret,

61 1723 170 1749 nunc
191 1709 245 1749 ad
266 1712 411 1749 tantae
432 1707 611 1748 familiae
633 1708 875 1748 memoriam
895 1709 983 1748 sola
1003 1713 1196 1750 restaret.
1259 1709 1392 1763 Atqui
1415 1715 1458 1751 et
1479 1710 1587 1758 huic,
1611 1714 1654 1750 et

64 1773 183 1813 Tullo
218 1773 374 1822 Cluvio,
413 1777 456 1813 et
492 1772 539 1812 L.
563 1772 729 1823 Roscio,
766 1777 810 1813 et
847 1773 919 1828 Sp.
956 1773 1090 1814 Antio
1127 1778 1170 1814 et
1206 1772 1251 1814 G.
1291 1773 1493 1822 Fulcinio,
1528 1775 1597 1829 qui
1630 1789 1655 1815 a

63 1837 308 1879 Veientium
339 1852 438 1892 rege
472 1837 581 1878 caesi
611 1842 722 1886 sunt,
745 1852 829 1878 non
859 1837 1028 1893 sanguis
1050 1837 1119 1893 qui
1140 1839 1334 1893 profusus
1355 1844 1420 1879 est
1441 1839 1482 1879 in
1503 1844 1653 1889 morte,

61 1903 136 1943 sed
167 1902 258 1956 ipsa
291 1917 404 1943 mors
436 1903 488 1943 ob
520 1917 607 1943 rem
641 1902 850 1957 publicam
884 1903 1000 1943 obita
1030 1903 1177 1943 honori
1213 1904 1305 1944 fuit.
1369 1903 1454 1945 ΙΙΙ.
1490 1904 1653 1959 Itaque,

62 1971 206 2023 patres
226 1967 465 2022 conscripti,
494 1967 529 2008 si
553 1968 644 2009 Ser.
669 1967 853 2023 Sulpicio
875 1982 996 2009 casus
1021 1975 1199 2010 mortem
1220 1968 1447 2019 attulisset,
1471 1969 1655 2011 dolerem

109 2085 151 2115 P.
180 2085 335 2124 Servilio]
397 2085 494 2115 Halm
532 2085 610 2115 adds
648 2085 840 2116 ‘clarissimo
879 2086 974 2125 jussit
996 2096 1091 2126 quam
1115 2087 1327 2117 oculatissimo
1351 2087 1420 2117 loco
1444 2088 1475 2117 in
1494 2086 1654 2117 Rostris.'’

65 2126 156 2164 viro,'
188 2128 348 2167 following
376 2128 438 2158 Th.
467 2128 660 2158 Mommsen.
724 2129 753 2158 V
783 2129 840 2159 has
882 2129 960 2158 This
990 2130 1016 2159 is
1043 2130 1097 2159 the
1121 2133 1208 2169 story
1238 2130 1334 2159 about
1359 2130 1413 2159 the
1440 2131 1531 2159 circle
1554 2130 1655 2159 which

67 2171 138 2200 ‘cui
162 2169 214 2210 (ex
239 2181 265 2201 c.
283 2170 358 2210 u.);'
384 2173 398 2200 t
420 2171 477 2200 has
503 2173 510 2187 ¹
524 2170 627 2206 cum;'
651 2181 669 2200 a
684 2170 704 2200 b
720 2181 740 2210 g
762 2171 840 2201 omit
884 2171 993 2201 Cicero
1021 2172 1093 2202 tells
1122 2172 1158 2202 of
1182 2172 1218 2202 C.
1250 2172 1387 2211 Popilius
1410 2173 1534 2202 Laenas
1555 2172 1652 2211 (Phil.

67 2216 75 2230 ⁴
88 2213 239 2243 cum.'—‘
253 2214 281 2243 ei
297 2213 350 2252 qui
365 2212 384 2242 :'
410 2214 459 2243 ‘ei
474 2212 481 2226 ’
497 2223 560 2243 om.
578 2223 596 2242 a
611 2223 631 2252 g
647 2216 670 2242 t.
883 2214 946 2243 viii.
964 2224 990 2243 c.
1008 2214 1053 2253 8).

112 2257 142 2285 2.
173 2256 259 2285 Lars
293 2255 496 2294 Tolumnius]
544 2255 613 2285 The
641 2258 726 2295 story
751 2255 776 2285 is
807 2255 839 2285 in

68 2297 149 2337 Livy
164 2298 204 2327 iv.
223 2308 249 2328 c.
271 2299 320 2333 17.
367 2298 458 2338 Pliny
482 2299 548 2337 (34,
566 2308 591 2327 c.
610 2298 644 2337 6)
673 2298 784 2337 speaks
809 2298 844 2327 of

68 2341 158 2370 these
181 2341 252 2370 four
276 2343 405 2370 statues.
451 2341 639 2370 Tolumnius
661 2351 723 2370 was
745 2341 840 2370 killed

68 2383 101 2413 in
128 2383 227 2412 battle
253 2382 294 2422 by
316 2383 355 2412 A.
374 2383 538 2413 Cornelius
564 2383 692 2420 Cossus,
716 2393 735 2414 a
762 2383 839 2413 ‘tri-

68 2425 173 2455 bunus
191 2426 325 2455 militum
339 2425 346 2438 '
366 2425 459 2465 (Livy
476 2426 516 2456 iv.
534 2436 560 2455 6.
581 2426 645 2464 19).

115 2468 171 2498 Cn.
193 2469 332 2504 Octavii]
384 2469 433 2498 He
457 2478 520 2498 was
547 2469 655 2498 consul
683 2477 747 2498 ae.
768 2469 838 2498 165.

69 2511 109 2541 In
135 2519 197 2540 ac.
220 2512 277 2540 162
299 2510 339 2540 hc
359 2521 420 2540 was
448 2514 518 2540 sent
541 2521 581 2540 on
610 2521 628 2540 a
654 2511 782 2540 mission
808 2515 840 2541 to

69 2553 247 2583 Antiochus
272 2553 324 2589 V„
353 2553 406 2582 the
437 2563 543 2592 young
573 2554 649 2592 king
675 2553 711 2582 of
740 2554 838 2592 Syria.

70 2596 122 2626 lle
152 2606 214 2625 was
244 2596 464 2630 assassinated,
493 2605 526 2625 as
556 2596 665 2625 Cicero
696 2606 776 2634 says,
808 2599 840 2626 at

70 2638 236 2668 Laodiccia
252 2638 282 2667 in
299 2638 397 2677 Syria.
438 2639 527 2677 Pliny
540 2638 607 2677 (34,
619 2649 645 2668 c.
657 2638 691 2678 6)
706 2650 712 2667 :
731 2641 750 2654 “
765 2638 839 2668 Non

69 2680 248 2720 praeteribo
266 2680 325 2710 Cn.
343 2681 511 2711 Octavium
535 2680 575 2710 ob
599 2691 697 2710 unum
723 2681 840 2711 scilicet

69 2724 220 2754 verbum:
254 2723 316 2753 llic
339 2733 444 2761 regem
469 2723 661 2753 Antiochum
692 2723 839 2753 daturum

70 2776 103 2796 se
119 2776 305 2805 responsum
322 2765 478 2795 dicentem
494 2766 580 2804 virga
601 2775 695 2805 quam
713 2766 841 2796 tenebat

68 2808 152 2839 forte
181 2808 434 2847 circumscripsit,
459 2811 491 2838 et
518 2809 604 2847 prius
629 2818 724 2847 quam
751 2818 839 2847 egre-

70 2851 198 2881 deretur
227 2860 412 2890 responsum
445 2850 518 2880 dare
545 2851 656 2889 coegit.
713 2851 751 2881 In
779 2861 841 2891 qua

69 2892 226 2933 legatione
248 2893 413 2923 interfecto
438 2893 572 2923 Senatus
596 2895 731 2923 statuam
762 2895 838 2933 poni

926 2256 1080 2295 restaret]
1108 2256 1147 2292 V,
1166 2257 1215 2292 D;
1240 2259 1247 2273 ‘
1262 2256 1374 2287 restat'
1393 2256 1527 2291 Ernesti,
1549 2257 1654 2288 Halm.

884 2298 899 2328 1
917 2308 1053 2338 suppose
1074 2299 1128 2329 the
1151 2300 1316 2329 alteration
1334 2300 1359 2329 is
1376 2300 1465 2329 made
1482 2300 1583 2339 partly
1600 2300 1654 2330 be-

884 2351 976 2370 cause
992 2341 1026 2370 of
1039 2342 1092 2371 the
1108 2342 1193 2371 word
1211 2345 1218 2358 ‘
1233 2342 1339 2372 nunc.’
1387 2343 1449 2372 But
1465 2343 1554 2372 there
1570 2343 1596 2372 is
1613 2352 1654 2372 no

883 2393 993 2413 reason
1011 2384 1058 2414 for
1074 2384 1128 2413 the
1151 2384 1279 2423 change,
1296 2385 1357 2414 and
1377 2385 1456 2415 after
1474 2389 1480 2402 ‘
1495 2396 1575 2425 quae
1593 2408 1600 2415 .
1619 2408 1626 2415 .
1646 2407 1653 2415 .

884 2426 1080 2456 honestaret’
1093 2437 1138 2456 we
1155 2428 1217 2457 still
1235 2428 1357 2467 require
1373 2428 1427 2458 the
1443 2428 1654 2466 subjunctive,

884 2469 990 2499 unless
1011 2480 1055 2499 we
1079 2469 1198 2509 change
1220 2471 1274 2500 the
1298 2471 1379 2500 form
1404 2471 1439 2500 of
1459 2471 1513 2500 the
1536 2475 1600 2500 rest
1623 2470 1659 2500 of

883 2512 938 2542 the
954 2515 1112 2542 sentence.
1159 2516 1166 2530 ⁴
1181 2513 1209 2543 A
1226 2516 1330 2543 statue
1346 2524 1407 2543 was
1430 2514 1521 2553 given
1539 2518 1571 2543 to
1589 2514 1654 2542 him

883 2554 915 2583 in
937 2555 1025 2594 place
1040 2555 1075 2584 of
1096 2555 1143 2585 his
1165 2555 1228 2591 life,
1246 2566 1264 2586 a
1283 2560 1386 2586 statue
1407 2561 1440 2586 to
1464 2557 1588 2586 honour
1606 2556 1654 2585 his

884 2607 1021 2637 progeny
1053 2598 1100 2627 for
1130 2608 1224 2638 many
1247 2609 1346 2638 yeurS,
1380 2609 1449 2629 now
1477 2602 1510 2628 to
1535 2599 1573 2628 be
1600 2598 1654 2628 1116

883 2640 958 2679 only
976 2641 1083 2670 record
1110 2641 1146 2671 of
1168 2641 1222 2670 the
1245 2652 1382 2680 memory
1410 2642 1445 2670 of
1467 2651 1501 2671 so
1528 2645 1615 2679 great
1637 2651 1655 2669 a

883 2682 1013 2722 family.’
1049 2683 1158 2713 Cicero
1175 2694 1282 2713 means
1298 2684 1365 2714 that
1379 2685 1433 2714 the
1449 2684 1654 2713 descendants

883 2725 918 2755 of
946 2725 1004 2756 Cn.
1030 2726 1180 2756 Octavius
1208 2736 1288 2756 were
1318 2727 1447 2756 extinct.
1502 2725 1654 2755 Whether

883 2768 953 2798 that
968 2778 1029 2798 was
1045 2778 1080 2798 so
1096 2779 1132 2798 or
1148 2772 1215 2804 not,
1234 2769 1248 2798 I
1266 2769 1357 2799 don't
1374 2769 1475 2798 know.

931 2811 1058 2850 Cluvio]
1108 2811 1136 2840 V
1161 2811 1180 2840 b
1205 2821 1225 2849 g
1248 2815 1271 2841 t.
1319 2811 1357 2841 In
1380 2811 1458 2850 Livy
1483 2810 1536 2850 (iv.
1554 2819 1581 2838 c.
1601 2807 1652 2847 17)

882 2853 907 2884 it
923 2854 949 2884 is
964 2855 973 2870 ‘
985 2853 1138 2884 Cloelium
1155 2853 1308 2884 Tullum.y
