1816 3211
700 179 832 222 CAP.
866 180 991 224 5—7.
1567 183 1650 226 677

48 298 190 335 autem
211 294 375 349 turpius
396 299 470 336 aut
489 294 651 335 foedius
672 298 747 335 aut
761 294 872 348 quod
887 293 1023 334 minus
1045 294 1192 335 deceat
1211 308 1338 349 quam
1359 299 1507 335 contra
1529 309 1646 335 sena-

48 364 151 409 tum,
174 365 321 400 contra
351 360 472 410 cives,
506 365 653 400 contra
680 359 862 414 patriam
892 359 1125 400 exercitum
1157 359 1339 400 ducere?
1401 359 1512 411 Quid
1544 374 1644 400 vero

47 423 183 478 magis
204 423 524 478 vituperandum
546 439 671 479 quam
691 423 733 463 id
754 424 892 464 facere
914 424 1026 478 quod
1043 438 1122 463 non
1146 423 1298 464 liceat?
1360 423 1482 464 Licet
1503 430 1645 464 autem

47 489 202 529 nemini
237 494 384 529 contra
412 489 593 544 patriam
624 489 774 529 ducere
806 488 1060 530 exercitum:
1095 488 1128 529 si
1151 489 1318 543 quidem
1337 488 1461 529 licere
1483 489 1524 529 id
1547 488 1648 529 dici-

46 568 139 594 mus
174 555 284 609 quod
314 555 490 610 legibus,
525 554 634 609 quod
667 568 781 594 more
816 554 1023 607 majorum
1058 554 1346 609 institutisque
1388 554 1646 595 conceditur.

49 618 196 673 Neque
227 619 336 659 enim
368 619 477 673 quod
499 619 671 673 quisque
700 623 853 673 potest,
878 619 920 659 id
941 618 978 659 ei
999 619 1126 666 licet,
1160 633 1249 668 nec,
1273 618 1307 659 si
1329 632 1413 659 non
1438 619 1644 666 obstatur,

45 688 270 737 propterea
302 683 428 724 etiam
461 683 736 738 permittitur.
800 683 893 723 Tibi
930 683 1040 724 enim
1075 683 1318 732 exercitum,
1352 682 1520 737 Lepide,
1555 688 1644 724 tam

47 761 174 802 quam
203 748 431 802 majoribus
456 748 541 788 tuis
570 748 708 802 patria
738 763 813 802 pro
835 763 879 788 se
901 749 1030 790 dedit.
1093 748 1189 789 Hoc
1209 754 1257 789 tu
1278 747 1439 788 arcebis
1466 748 1642 797 hostem,

45 812 151 853 fines
182 812 342 867 imperii
377 813 655 868 pmpagabis3
700 813 864 853 senatui
899 814 1135 868 populoque
1172 813 1363 853 Romano
1395 812 1573 867 parebis,
1610 812 1646 853 si

46 892 171 933 quam
191 878 244 918 ad
267 877 392 918 aliam
412 892 500 918 rem
523 883 567 919 te
588 879 697 919 forte
720 878 971 919 traduxerit.

107 942 215 983 VII.
249 942 369 983 Haec
397 943 431 983 si
460 943 633 997 cogitas,
653 957 698 983 es
718 943 779 983 M.
805 942 999 996 Lepidus,
1023 942 1211 997 pontifex
1232 941 1450 991 maximus,
1477 942 1540 982 M.
1559 940 1637 982 Le-

45 1006 142 1062 pidi‚
159 1007 372 1062 pontificis
384 1007 566 1056 maximi,
577 1022 796 1062 pronepos.
828 1007 900 1048 Sin
914 1007 1149 1048 hominibus
1162 1012 1328 1049 tantum
1342 1006 1465 1047 licere
1474 1006 1639 1060 judicas

45 1078 248 1129 quantum
265 1078 451 1127 possunt,
470 1073 562 1114 vide
579 1088 630 1113 ne
651 1073 796 1114 alienis
817 1073 1017 1127 exemplis
1038 1072 1169 1127 iisque
1184 1072 1423 1114 recentibus
1439 1072 1502 1113 uti
1516 1085 1643 1127 quam

46 1143 90 1179 et
110 1138 294 1193 antiquis
310 1142 353 1178 et
369 1138 610 1179 domesticis
626 1137 746 1178 malle
768 1138 943 1178 videare.
1008 1138 1128 1190 Quod
1142 1138 1177 1178 si
1191 1137 1490 1178 auctoritatem
1508 1136 1638 1177 inter-

45 1202 167 1258 ponis
188 1202 276 1243 sine
296 1202 434 1252 armis,
458 1202 591 1256 magis
615 1202 806 1257 equidem
836 1203 959 1242 laudo
978 1219 988 1248 ;
1023 1203 1096 1243 sed
1118 1201 1211 1243 vide
1228 1217 1280 1242 ne
1297 1202 1375 1242 hoc
1397 1201 1534 1256 ipsum
1555 1214 1638 1241 non

46 1268 102 1308 sit
119 1281 304 1308 necesse.
357 1267 616 1321 Quamquam
639 1267 749 1307 enim
765 1272 831 1308 est
847 1272 967 1308 tanta
981 1267 1021 1306 in
1036 1272 1080 1307 te
1093 1267 1324 1308 auctoritas
1346 1271 1502 1320 quanta
1517 1266 1643 1306 debet

46 1333 88 1373 in
104 1332 269 1372 homine
290 1332 558 1380 nobilissimo,
583 1337 724 1373 tamen
741 1337 914 1373 senatus
931 1347 975 1372 se
992 1332 1079 1386 ipse
1096 1347 1177 1372 non
1192 1331 1437 1379 contemnit,
1456 1345 1532 1371 nec
1546 1345 1642 1371 vero

45 1397 126 1438 fuit-
147 1411 344 1451 umquam
369 1396 545 1451 gravior,
569 1397 840 1446 constantior,
862 1397 1025 1438 fortior.
1088 1396 1254 1437 Incensi
1286 1410 1430 1437 omnes
1460 1396 1646 1450 rapimur

45 1463 99 1503 ad
120 1462 357 1503 libertatem
388 1463 746 1517 recuperandam;
780 1477 863 1503 non
885 1466 1027 1516 potest
1059 1462 1180 1502 ullius
1211 1461 1467 1502 auctoritate
1498 1465 1644 1501 tantus

45 1531 217 1568 senatus
251 1527 475 1581 populique
509 1527 687 1567 Romani
718 1527 844 1567 ardor
876 1526 1110 1581 exstingui:
1146 1526 1321 1575 odimus,
1357 1525 1452 1566 irati
1483 1539 1642 1580 pugna-

45 1606 151 1639 mus,
184 1592 423 1646 extorqueri
452 1592 642 1632 manibus
671 1606 788 1632 arma
817 1606 899 1632 non
931 1596 1133 1646 possunt,
1169 1590 1355 1645 receptui
1381 1590 1547 1645 signum
1568 1596 1643 1631 aut

45 1656 353 1697 revocationem
373 1671 398 1696 a
419 1656 526 1697 bello
546 1656 690 1696 audire
712 1671 795 1697 non
816 1671 1062 1711 possumus3
1097 1670 1313 1711 speramus
1334 1655 1493 1710 optima
1510 1671 1520 1705 3
1553 1655 1641 1708 pati

43 1721 108 1761 vel
139 1721 380 1761 difficillima
413 1721 619 1761 malumus
650 1736 775 1776 quam
810 1721 977 1762 servire.
1039 1721 1194 1762 Caesar
1224 1721 1406 1762 confecit
1440 1720 1641 1761 invictum

44 1785 302 1826 exercitum:
337 1785 418 1825 duo
450 1785 666 1826 fortissimi
692 1785 884 1826 consules
912 1786 1067 1826 adsunt
1098 1800 1194 1826 cum
1225 1785 1381 1839 copiis;
1420 1785 1468 1826 L.
1495 1784 1641 1825 Planci

45 1849 226 1891 consulis
259 1850 465 1904 designati
495 1849 610 1891 varia
631 1855 674 1891 et
695 1864 848 1904 magna
877 1850 1031 1891 auxilia
1051 1865 1135 1891 non
1156 1850 1338 1898 desunt;
1374 1849 1415 1889 in
1438 1849 1493 1889 D.
1518 1849 1640 1890 Bruti

44 1915 180 1955 salute
201 1919 399 1956 certatur.
461 1914 586 1955 Unus
610 1914 791 1955 furiosus
810 1915 1019 1969 gladiator
1040 1930 1134 1956 cum
1157 1913 1492 1956 taeterrimorum
1514 1904 1642 1954 latro-

44 1993 144 2019 num
178 1993 302 2019 manu
337 1985 484 2020 contra
518 1979 708 2033 patriam,
746 1986 894 2021 contra
927 1980 1027 2020 deos
1063 1985 1248 2034 penates,
1287 1984 1434 2020 contra
1469 1993 1566 2019 aras
1598 1985 1641 2019 et

45 2044 173 2091 fonS,
197 2048 343 2084 contra
363 2048 564 2097 quattuor
579 2044 768 2084 consules
788 2044 899 2098 gerit
918 2045 1085 2085 bellum.
1148 2044 1260 2084 Huic
1282 2044 1492 2093 cedamus,
1516 2044 1641 2097 hujus

46 2107 306 2150 conditiones
326 2107 552 2157 audiamus,
576 2122 670 2148 cum
692 2108 771 2149 hoc
792 2123 937 2162 pacem
958 2108 1046 2148 fieri
1067 2122 1191 2162 posse
1213 2107 1458 2148 credamus?

91 2266 203 2304 Neque
224 2264 321 2304 enim]
371 2263 429 2295 See
446 2264 506 2294 Pro
530 2263 641 2300 Balbo,
663 2273 690 2294 c.
707 2265 738 2300 3,
759 2264 821 2294 and

46 2308 102 2338 the
118 2312 201 2337 note.

91 2353 156 2380 tam
173 2350 283 2390 quam]
308 2351 328 2367 “
341 2353 502 2389 tamquam
519 2349 612 2385 edd.;
637 2349 675 2379 de
696 2349 725 2379 vi
749 2359 820 2389 par-

46 2393 211 2423 ticularum
229 2404 257 2422 v.
276 2393 426 2431 Madvigii
444 2392 562 2432 Opusc,
585 2393 603 2421 i.
628 2402 659 2431 p.
677 2391 821 2423 494.'¹-

48 2439 55 2453 ‘
70 2436 256 2475 propagabis
269 2435 289 2465 :'
314 2445 365 2465 see
392 2435 501 2470 ludex,
528 2435 598 2465 Vol.
616 2435 658 2464 iii.
680 2438 687 2451 ⁴
705 2435 820 2474 Propa-

67 2478 141 2509 are.'

46 2488 66 2517 g
91 2523 121 2555 7.
146 2531 177 2551 es
200 2522 249 2550 M.
267 2520 424 2560 Lepidus]
454 2523 517 2554 ‘es‚
541 2519 588 2549 Μ.
607 2519 748 2558 Lepide:
767 2520 822 2550 tho

47 2574 193 2593 common
204 2563 332 2602 reading
344 2563 376 2592 in
389 2563 442 2592 the
456 2563 577 2602 printed
595 2562 705 2597 books,
720 2563 822 2592 which

46 2607 73 2636 is
100 2606 186 2636 false.
235 2606 263 2636 D
289 2606 344 2635 lias
373 2604 554 2644 ‘Lepidus,’
582 2605 644 2634 und
672 2605 822 2634 Halm.—

49 2652 57 2666 ‘
69 2649 180 2679 alienis
192 2648 344 2687 exemplis
357 2647 377 2677 :’
395 2648 430 2678 C.
444 2647 596 2682 Caesar's,
610 2648 658 2677 sor
668 2647 819 2678 instance.

91 2693 317 2721 aucloritalem
334 2690 528 2730 interponis]
579 2691 636 2719 Sec
653 2690 706 2719 the
729 2691 822 2721 letter

47 2736 81 2764 to
107 2734 255 2773 Lepidus,
276 2743 302 2762 c.
319 2736 350 2768 4.
370 2733 431 2763 and
457 2733 510 2762 tho
535 2736 627 2762 note:
653 2733 711 2762 “si
734 2736 766 2763 te
788 2734 821 2763 in

47 2777 138 2807 istam
157 2776 405 2815 pacificationem
423 2786 485 2805 non
503 2774 718 2815 interponeS.''

92 2818 270 2858 exstinyui]
296 2818 328 2848 F.
345 2818 450 2848 Ursini
462 2818 615 2857 proposed
628 2821 634 2834 ⁸
647 2818 821 2857 restingui!

92 2862 226 2896 odimus,
244 2861 322 2890 irati
334 2861 532 2900 puqnamns]
566 2861 660 2890 Halm
677 2861 823 2891 observes

48 2904 118 2934 that
134 2903 243 2934 Cicero
259 2903 285 2933 is
310 2904 402 2943 using
426 2903 576 2933 Lucilius'
593 2903 706 2941 words,
723 2904 824 2934 which

867 2264 906 2295 he
921 2264 977 2294 has
993 2264 1109 2304 quoted
1126 2264 1158 2294 in
1173 2264 1267 2294 Tusc.
1286 2264 1348 2297 Qu.
1366 2264 1406 2294 iv.
1423 2273 1449 2294 e.
1467 2265 1505 2294 21
1523 2275 1529 2293 ε

878 2326 897 2340 “
909 2324 970 2354 Odi
998 2324 1157 2353 hominem
1171 2335 1177 2352 :
1209 2324 1307 2353 iratus
1334 2333 1440 2363 pugno
1455 2335 1461 2352 :
1487 2333 1545 2353 nec
1570 2322 1639 2352 lon-

994 2367 1062 2405 gius
1078 2366 1250 2406 quidquam

909 2409 1011 2439 Nobis
1027 2419 1120 2448 quam
1134 2409 1262 2439 dextrae
1277 2409 1415 2449 gladium
1427 2409 1503 2438 dum
1516 2418 1638 2438 accom-

996 2452 1102 2481 modet
1117 2451 1232 2482 ἣκει-Ρ

909 2520 1070 2560 manibus]
1099 2519 1158 2550 ‘de
1183 2518 1350 2550 manibus'
1378 2520 1409 2549 in
1435 2519 1489 2549 the
1515 2519 1640 2558 printed

866 2562 976 2598 books,
1001 2572 1034 2592 as
1064 2564 1096 2592 in
1128 2563 1181 2593 the
1210 2563 1258 2593 ed.
1289 2563 1371 2592 Ven.
1402 2564 1492 2597 147⁴.
1545 2561 1640 2591 Halm

865 2605 968 2635 writes
985 2609 992 2622 ¹
1005 2616 1021 2635 e
1038 2605 1206 2635 manibus!
1254 2606 1283 2635 D
1301 2605 1310 2635 i
1326 2606 1405 2635 omit
1425 2609 1431 2621 ¹
1444 2605 1505 2634 de.y
1553 2609 1560 2620 ¹
1576 2604 1639 2634 Ex-

865 2648 1032 2688 torquere’
1058 2649 1084 2678 is
1109 2649 1184 2678 used
1210 2648 1284 2678 with
1310 2647 1392 2683 ‘de‚'
1416 2648 1476 2682 ‘e.'
1500 2645 1562 2681 ‘aff
1578 2646 1640 2675 and

865 2691 938 2721 with
963 2702 981 2721 a
1005 2691 1119 2726 dative,
1144 2701 1178 2721 as
1204 2691 1241 2720 In
1264 2692 1333 2721 Cat.
1356 2691 1376 2720 i.
1393 2701 1419 2720 c.
1438 2692 1468 2723 6,
1496 2699 1530 2718 as
1554 2698 1640 2717 smne

865 2734 937 2763 read
954 2734 1023 2764 that
1039 2744 1180 2774 passage,
1197 2733 1255 2764 but
1275 2734 1382 2764 others
1406 2732 1478 2763 read
1496 2736 1502 2747 ‘
1517 2731 1556 2760 dc
1572 2740 1638 2759 ma-

866 2776 982 2806 nibus.'

910 2822 1023 2849 contra
1047 2822 1201 2859 quattuor
1222 2817 1380 2856 consules]
1432 2816 1555 2846 Hirtius
1578 2814 1639 2844 and

869 2862 979 2898 Pansa,
997 2863 1122 2892 consuls
1140 2871 1203 2892 13.c.
1220 2863 1273 2895 43,
1297 2860 1357 2890 und
1380 2860 1419 2888 D.
1438 2859 1555 2888 Brutus
1578 2857 1641 2887 aud

869 2904 906 2935 L.
926 2904 1068 2941 Plancus,
1087 2904 1240 2935 Consules
1259 2902 1425 2942 designati.
