1816 3211
72 174 154 214 682
290 171 470 213 ORAT.
504 169 1019 212 PIIILIPPIOARUM
1056 168 1243 209 LIBER
1276 169 1417 210 XIII.

71 285 219 326 simum
239 285 372 325 virum
402 284 532 325 sensit
559 288 602 325 et
632 283 801 325 sentiet.
863 282 945 323 Est
976 281 1085 322 istuc
1118 280 1283 336 quidem
1315 295 1465 321 nomen
1495 281 1660 332 aetatis,

72 350 145 390 sed
180 350 233 390 ab
266 364 314 391 eo
346 349 513 389 minime
548 348 843 403 usurpandum,
881 347 951 401 qui
987 361 1105 386 suam
1138 345 1365 386 amentiam
1404 359 1534 399 puero
1567 347 1663 386 huic

72 415 247 469 praebet
267 415 321 454 ad
349 413 536 468 gloriam.
571 412 665 466 ‘qui
699 411 838 452 omnia
869 412 960 464 ejus
996 410 1152 451 nomini
1183 411 1310 451 debes
1323 409 1537 451 ³—Debet
1566 425 1664 451 vero

72 478 277 534 solvitque
309 478 533 532 praeclare.
595 477 639 517 Si
667 475 775 516 enim
808 475 875 516 ille
912 474 1073 530 patriae
1113 490 1278 530 parens,
1316 479 1364 515 ut
1399 480 1446 516 tu
1480 475 1665 529 appellas

71 559 208 598 —ego
230 543 328 597 quid
349 541 527 582 sentiam
548 541 821 581 videro—cur
841 554 924 580 non
955 539 1022 581 hic
1050 554 1201 594 parens
1223 539 1368 588 verior,
1391 553 1415 579 a
1436 553 1517 594 quo
1550 544 1665 580 certe

71 608 201 649 vitam
222 608 422 647 habemus
443 620 465 646 e
484 605 567 646 tuis
599 604 960 645 facinorosissimis
987 605 1180 645 manibus
1202 604 1420 659 ereptam?
1453 603 1521 644 ‘id
1541 618 1665 658 agere

71 677 120 714 ut
156 673 252 726 jure
293 672 515 711 damnatus
555 670 611 711 sit
652 669 873 710 Dolabella
889 669 1144 724 '—Turpem
1184 684 1281 710 vero
1322 668 1542 717 actionem,
1584 683 1665 722 qua

71 737 307 778 defenditur
327 735 567 790 amplissimi
589 734 819 776 auctoritas
840 734 998 774 ordinis
1028 740 1176 775 contra
1208 733 1482 774 crudelissimi
1506 733 1664 788 gladia-

71 803 176 844 toris
195 801 422 842 amentiam
442 804 525 842 !—‘
540 805 584 841 et
608 805 656 841 ut
676 799 861 840 venefica
882 798 983 839 haec
1012 799 1210 840 liberetur
1234 798 1474 839 obsidione?
1526 797 1664 838 Vene-

71 868 196 908 ficam
216 867 345 907 audes
366 864 575 920 appellare
597 879 691 905 eum
712 863 858 912 virum,
875 863 944 918 qui
959 863 1044 904 tuis
1061 863 1270 904 veneficiis
1283 863 1465 903 remedia
1480 862 1665 903 invenit?

72 947 195 987 quem
216 931 276 972 ita
296 930 473 980 obsides,
497 944 602 970 nove
625 928 849 978 Hannibal,
873 932 948 968 aut
968 928 1002 968 si
1024 928 1116 982 quis
1142 928 1306 969 acutior
1326 928 1551 982 imperator
1571 927 1662 976 fuit,

71 1003 118 1038 ut
153 1001 196 1037 te
232 996 319 1050 ipse
360 995 563 1045 obsideas,
599 1009 734 1048 neque
773 998 817 1034 te
853 993 979 1034 istinc
1014 993 1048 1033 si
1082 993 1225 1048 cupias
1265 993 1402 1048 possis
1442 992 1661 1047 explicare.

73 1060 339 1106 Recesseris;
373 1059 552 1113 undique
570 1073 714 1099 omnes
745 1058 1039 1113 insequentur:
1074 1057 1302 1105 manseris;
1335 1057 1538 1098 haerebis.
1591 1056 1663 1098 Ni-

71 1127 220 1167 mirum
241 1129 355 1165 recte
375 1124 603 1165 veneficam
623 1123 819 1177 appellas,
838 1137 863 1163 a
884 1137 966 1177 quo
987 1122 1063 1162 tibi
1085 1127 1349 1176 praesentem
1371 1128 1531 1177 pestem
1548 1122 1663 1162 vides

71 1193 426 1246 comparatam—‘
443 1193 491 1229 ut
521 1203 644 1242 quam
674 1187 990 1242 potentissimus
1025 1186 1081 1227 sit
1116 1186 1285 1227 Cassius
1316 1192 1442 1242 atque
1476 1186 1663 1228 Brutus'

73 1256 207 1296 Putes
229 1252 499 1295 Censorinum
521 1252 658 1293 dicere
686 1257 761 1294 aut
784 1251 1032 1293 Ventidium
1052 1256 1127 1292 aut
1154 1251 1281 1292 etiam
1302 1251 1414 1306 ipsos
1437 1251 1661 1292 Antonios.

73 1321 157 1362 Cur
185 1324 326 1360 autem
359 1318 491 1359 nolint
522 1322 716 1371 potentes
749 1331 839 1358 esse
860 1331 944 1357 non
966 1317 1088 1357 modo
1119 1317 1300 1372 optimos
1321 1321 1365 1358 et
1385 1316 1663 1357 nobilissimos

71 1386 193 1436 viros,
218 1384 289 1425 sed
311 1398 453 1424 secum
479 1383 608 1424 etiam
629 1382 670 1422 in
691 1382 750 1423 rei
771 1382 963 1437 publicae
985 1382 1226 1422 defensione
1249 1382 1524 1436 conjunctos?
1561 1388 1571 1404 ‘
1590 1381 1663 1422 Ni-

71 1450 221 1490 mirum
242 1448 388 1489 eodem
408 1448 530 1488 modo
553 1447 656 1488 haec
678 1447 868 1502 aspicitis
886 1452 933 1487 ut
954 1446 1122 1502 priora?
1169 1446 1285 1498 Quae
1307 1447 1477 1488 tandem
1495 1448 1508 1487 ἓ
1541 1452 1550 1468 ‘
1564 1446 1664 1487 Cas-

72 1520 139 1556 tra
162 1513 351 1569 Pompeii
379 1518 571 1554 senatum
598 1512 849 1568 appellatis?
910 1511 1024 1552 XII.
1056 1511 1128 1552 An
1148 1526 1244 1552 vero
1266 1517 1340 1553 tua
1362 1516 1502 1553 castra
1523 1511 1664 1566 potius

72 1584 264 1621 senatum
298 1578 627 1633 appellaremus?
658 1579 698 1618 in
732 1578 882 1633 quibus
903 1583 951 1619 tu
972 1592 1016 1617 es
1043 1576 1238 1617 videlicet
1269 1576 1510 1624 consularis,
1543 1577 1663 1631 cujus

71 1650 188 1687 totus
209 1643 452 1685 consulatus
469 1648 534 1684 est
555 1657 605 1683 ex
627 1643 737 1683 omni
758 1647 1121 1684 monumentorum
1142 1642 1341 1682 memoria
1361 1641 1546 1682 evulsus:
1580 1641 1662 1681 duo

71 1719 287 1766 praetores
314 1709 402 1750 sine
438 1723 586 1749 caussa
619 1709 742 1749 diffisi
773 1723 817 1749 se
846 1709 1000 1763 aliquid
1033 1708 1277 1754 habituros;
1311 1721 1388 1747 nos
1418 1707 1526 1747 enim
1560 1706 1661 1747 Cae-

73 1776 177 1816 saris
197 1773 399 1815 beneficia
424 1773 707 1813 defendimus:
741 1773 939 1827 praetorii
972 1772 1271 1826 Philadelphus
1296 1771 1460 1811 Annius
1481 1776 1525 1812 et
1546 1771 1661 1811 inno-

74 1853 173 1881 cens
194 1838 375 1878 Grallius:
408 1837 583 1877 aedilicii
603 1851 775 1891 corycus
795 1837 971 1878 laterum
992 1842 1034 1877 et
1055 1836 1169 1877 vocis
1190 1850 1305 1876 meae
1328 1835 1485 1885 Bestia,
1505 1841 1549 1876 et
1564 1836 1662 1876 fidei

72 1908 285 1959 patronus,
315 1902 531 1942 fraudator
560 1901 814 1942 creditorum
847 1901 1087 1949 Trebellius,
1112 1906 1156 1942 et
1185 1901 1308 1940 homo
1340 1900 1532 1955 diruptus
1553 1900 1663 1940 diru-

73 1973 226 2022 tusque
249 1966 299 2018 Q.
324 1965 500 2015 Caelius,
530 1965 801 2020 columenque
836 1966 1065 2006 amicorum
1096 1964 1286 2015 Antonii,
1319 1964 1468 2019 Cotyla
1491 1964 1661 2014 Varius,

122 2080 259 2118 Turpem
285 2088 358 2108 vero
385 2078 558 2117 actionem]
587 2078 636 2108 ‘A
663 2078 847 2108 scandalous

74 2125 125 2152 act
145 2120 287 2157 indeed3’
312 2121 471 2160 ironically
488 2121 565 2150 said.
612 2124 619 2138 ⁶
633 2121 773 2160 Turpem
796 2131 847 2150 ac-

75 2164 209 2194 tionem'
223 2164 319 2193 refers
332 2166 365 2193 to
380 2166 386 2179 ‘
398 2164 429 2192 id
442 2163 610 2202 agere.'—‘
623 2165 761 2194 venefica
772 2164 848 2193 haec

75 2207 224 2237 liberetur
238 2206 257 2236 :'
282 2207 378 2236 Klotz
395 2206 539 2236 observes
559 2206 629 2236 that
650 2207 745 2236 much
761 2217 848 2236 more

891 2078 1126 2117 Philadelphus.
1173 2081 1180 2094 ‘
1195 2078 1353 2108 Innocens
1379 2077 1519 2108 Gallius'
1547 2077 1574 2108 is
1596 2078 1664 2108 also

889 2121 1031 2151 ironical.
1058 2121 1136 2151 This
1152 2120 1200 2150 M.
1213 2121 1333 2151 Gallius
1343 2121 1368 2150 is
1379 2121 1562 2151 mentioned
1577 2131 1663 2151 seve-

889 2164 935 2193 ral
955 2164 1047 2194 times
1074 2163 1116 2203 by
1134 2163 1245 2194 Cicero
1268 2163 1332 2203 (Ad
1351 2163 1420 2193 Att.
1437 2165 1479 2193 xi.
1496 2163 1564 2203 20).
1612 2164 1663 2193 He

890 2217 952 2237 was
969 2216 987 2236 a
1010 2206 1153 2246 par-tizan
1176 2206 1213 2236 of
1232 2207 1390 2237 Antonius
1410 2207 1557 2247 (Sueton.
1579 2206 1662 2246 Aug.

76 2253 239 2288 contempt
253 2249 279 2278 is
295 2249 461 2288 expressed
478 2249 519 2288 by
533 2249 588 2279 the
602 2249 752 2279 feminine
768 2249 847 2279 form

77 2295 84 2309 ‘
100 2293 237 2322 venefica
250 2291 269 2327 ;’
293 2292 356 2321 and
376 2292 416 2321 he
435 2291 512 2321 adds
527 2292 597 2321 that
618 2292 769 2322 Garatoni
792 2302 847 2331 ap-

77 2335 268 2374 propriately
286 2334 422 2363 referred
449 2338 482 2363 to
508 2334 657 2373 Lepidus'
678 2335 793 2374 speech
815 2335 848 2364 in

78 2377 195 2406 Sallust
220 2376 288 2416 (lib.
309 2376 356 2415 i.),
381 2377 483 2406 where
498 2387 543 2406 we
563 2378 639 2413 find,
662 2380 681 2394 ‘⁴
696 2378 848 2416 Fufidius,

77 2419 190 2449 ancilla
205 2418 316 2457 turpis,
332 2418 487 2448 honorum
503 2420 643 2449 omnium
660 2420 848 2450 dehonesta-

77 2460 260 2491 mentum.''

121 2506 157 2534 ut
168 2503 300 2543 priora]
349 2505 368 2519 ‘⁴
383 2503 472 2535 Quae
498 2513 555 2542 pro
576 2504 613 2534 iis
639 2505 767 2541 fecistis,
794 2506 848 2545 qui

78 2556 130 2576 me
159 2546 294 2575 oderunt
323 2548 419 2584 atque
448 2546 666 2585 insequuntur,
699 2548 847 2587 cupidum

78 2588 274 2618 ulciscendae
291 2587 430 2617 Caesaris
446 2589 531 2617 necis
544 2588 562 2601 '’
582 2590 789 2630 (Manutius).

126 2633 173 2661 12.
198 2632 259 2660 duo
271 2630 455 2668 pransores]
484 2631 673 2661 Censorinus
689 2633 750 2662 and
762 2633 847 2662 Ven-

78 2674 183 2704 tidius.
231 2673 289 2703 See
306 2672 385 2701 Phil.
403 2673 454 2701 xii.
473 2683 498 2701 c.
516 2676 546 2703 9.

122 2715 357 2754 Philadelphus
371 2715 512 2754 Annius]
549 2716 608 2745 See
624 2716 704 2746 Phil.
718 2717 760 2746 xi.
778 2727 803 2747 c.
818 2720 847 2748 6.

78 2759 156 2789 This
186 2759 211 2788 is
242 2758 278 2788 C.
304 2757 428 2787 Annius
459 2757 597 2787 Cimber.
643 2759 751 2788 Cicero
783 2759 847 2798 (Ad

79 2802 148 2832 Att.
166 2812 215 2831 xv.
236 2800 288 2840 13)
305 2800 379 2829 calls
402 2800 465 2829 him
485 2803 491 2815 ‘
505 2800 663 2829 hominem
687 2803 846 2840 nequam.’

81 2844 132 2874 He
148 2854 208 2873 was
224 2843 353 2873 accused
376 2842 411 2871 of
430 2842 540 2881 killing
563 2843 610 2871 his
633 2843 769 2879 brother,
787 2845 847 2873 and

78 2886 276 2926 accordingly
306 2885 416 2915 Cicero
452 2885 613 2925 ironically
643 2895 750 2916 names
783 2887 847 2915 him

890 2250 952 2286 273
979 2250 1049 2279 Tib.
1068 2249 1115 2289 6).

935 2292 1084 2331 corycus]
1112 2295 1120 2308 ‘
1133 2291 1252 2322 coricus
1267 2291 1274 2304 ’
1290 2302 1308 2321 a
1322 2291 1343 2322 b
1359 2292 1369 2322 i
1384 2295 1407 2322 t.
1441 2294 1461 2310 “
1474 2294 1481 2308 ‘
1492 2291 1663 2322 Verissime

892 2334 1076 2365 Schuetzius
1100 2344 1244 2374 corycus.
1289 2335 1367 2365 Est:
1391 2335 1424 2364 in
1449 2345 1511 2375 quo
1535 2335 1663 2364 homine

891 2378 1059 2417 quinquies
1077 2388 1095 2407 a
1110 2387 1162 2407 me
1186 2377 1326 2414 defenso,
1347 2378 1446 2407 veluti
1471 2378 1504 2407 in
1528 2377 1661 2418 κωρύκῳ

891 2430 916 2450 s.
934 2421 1008 2451 folle
1028 2430 1122 2450 arena
1138 2420 1259 2459 repleto
1274 2421 1354 2451 vires
1371 2430 1441 2450 suas
1451 2420 1600 2456 athletae,
1619 2421 1663 2450 sic

891 2473 948 2502 ego
958 2463 1057 2493 latera
1066 2466 1097 2492 et
1107 2472 1214 2492 vocem
1224 2463 1348 2492 exercui
1357 2463 1377 2476 ’'
1386 2462 1523 2502 (Orelli).
1551 2466 1570 2479 ‘⁴
1579 2462 1661 2492 Edd.

890 2507 1010 2545 priores
1026 2505 1107 2535 male
1118 2505 1247 2535 Coricus
1259 2506 1308 2535 vel
1324 2506 1360 2535 C.
1371 2506 1484 2535 Oricus
1492 2505 1511 2519 '’
1520 2504 1661 2545 (Halm).

891 2549 1001 2579 Cicero
1022 2548 1083 2578 had
1108 2548 1261 2578 defended
1288 2548 1404 2585 Bestia,
1425 2548 1487 2578 and
1511 2548 1551 2578 he
1577 2558 1662 2578 com-

890 2601 981 2630 pares
997 2591 1045 2620 his
1061 2591 1217 2621 exertions
1232 2591 1281 2621 for
1296 2591 1350 2620 the
1366 2601 1438 2620 man
1453 2594 1487 2620 to
1503 2591 1557 2620 the
1572 2600 1661 2630 prac-

890 2634 950 2663 tice
966 2634 1001 2663 of
1013 2644 1053 2663 an
1068 2634 1186 2663 athlete
1201 2634 1374 2672 exercising
1394 2634 1523 2663 himself
1541 2633 1663 2672 against

890 2686 909 2706 a
924 2676 984 2715 bag
996 2677 1071 2706 with
1088 2676 1165 2705 sand
1180 2686 1215 2706 or
1231 2686 1292 2705 saw
1308 2676 1381 2705 dust
1394 2677 1426 2705 in
1438 2677 1472 2712 it,
1489 2677 1503 2706 I
1514 2686 1659 2715 suppose,

890 2729 926 2749 or
951 2730 1013 2758 any
1030 2719 1118 2757 thing
1139 2719 1173 2748 of
1193 2719 1247 2748 the
1262 2719 1402 2749 kind.—⁴
1416 2719 1488 2748 fidei
1508 2723 1662 2758 patronus

891 2783 900 2791 .
919 2784 925 2791 .
943 2783 950 2791 .
969 2761 1144 2791 Trebellius
1159 2760 1179 2790 τ’
1203 2771 1254 2791 see
1271 2761 1349 2790 Phil.
1367 2761 1406 2790 vi.
1424 2771 1450 2790 c.
1468 2763 1498 2791 4.

939 2805 974 2839 Q.
996 2804 1135 2842 Caelius]
1185 2804 1236 2833 He
1252 2804 1325 2833 calls
1348 2804 1413 2832 him
1431 2807 1437 2820 ‘
1452 2804 1596 2843 diruptus
1612 2803 1658 2832 di-

890 2846 1065 2885 rutusque!
1103 2846 1190 2882 This,
1204 2856 1274 2885 says
1290 2846 1464 2882 Manutius,
1477 2847 1503 2876 is
1517 2856 1535 2876 a
1549 2845 1659 2883 παρά-

891 2899 1037 2928 γραμμα,
1049 2889 1112 2918 like
1125 2892 1132 2905 ⁴
1145 2892 1286 2919 mentum
1298 2892 1500 2929 mentemque
1511 2888 1518 2902 '
1533 2888 1573 2929 (c.
1589 2887 1656 2927 ll):
