1816 3211
748 193 880 234 OAP.
912 193 1038 234 4—6.
1615 197 1694 236 541

100 306 231 356 vistis,
255 309 346 347 tum
367 306 579 348 statuistis
599 305 724 348 etiam
745 306 857 348 intra
877 321 1020 348 muros
1041 306 1219 348 Antonii
1241 306 1378 348 scelus
1399 307 1699 362 audaciamque

99 371 269 412 versari.

160 435 243 476 VI.
278 436 557 486 Quamobrem
586 435 723 477 omnia
750 451 842 477 mea
872 436 1084 477 sententia
1117 437 1383 492 complectar,
1408 437 1537 486 vobis,
1560 441 1608 478 ut
1640 436 1701 476 in-

57 541 63 554 :
100 500 258 555 telligo
292 515 376 540 non
409 500 562 550 invitis
596 505 645 541 ut
680 505 723 542 et
754 501 1128 556 praestantissimis
1159 502 1334 543 ducibus
1367 516 1391 542 a
1424 502 1545 542 nobis
1578 502 1701 542 detur

70 565 343 614 {auctoritas
367 570 410 606 et
437 565 676 606 fortissimis
697 565 900 606 militibus
930 581 1028 620 spes
1062 567 1312 607 ostendatur
1345 566 1626 621 praemiorum
1657 571 1701 607 et

95 630 310 685 judicetur
331 644 413 670 non
435 630 573 678 verbo,
598 630 671 669 sed
694 645 750 679 re,
774 645 856 670 non
878 630 1001 670 modo
1030 645 1111 671 non
1134 631 1289 681 consul,
1315 632 1388 672 sed
1417 630 1545 672 etiam
1566 630 1700 671 hostis

99 694 328 735 Antonius.
391 693 501 733 Nam
523 694 557 733 si
578 693 645 734 ille
667 695 823 744 consul,
847 694 1098 735 fustuarium
1119 701 1363 737 meruerunt
1388 695 1573 750 legiones
1595 709 1700 750 quae

101 759 316 800 consulem
332 758 590 813 reliquerunt
605 775 615 804 3
641 757 871 799 sceleratus
889 758 1057 809 Caesar,
1080 759 1237 800 Brutus
1255 760 1447 808 nefarius,
1466 759 1535 814 qui
1553 766 1701 801 contra

101 824 313 866 consulem
333 823 498 878 privato
520 823 691 864 consilio
713 823 924 864 exercitus
951 829 1323 879 comparaverunt:
1358 824 1392 864 si
1423 829 1566 864 autem
1596 824 1700 864 mili-

100 890 214 930 tibus
246 887 490 943 exquirendi
518 893 618 929 sunt
649 888 829 928 honores
862 888 956 929 novi
988 894 1162 944 propter
1190 904 1332 930 eorum
1359 888 1542 929 divinum
1573 893 1701 943 atque

99 954 335 995 immortale
357 953 564 1003 meritum,
590 953 765 993 ducibus
785 959 926 994 autem
955 969 1006 995 ne
1027 955 1170 995 referri
1192 954 1359 1009 quidem
1384 958 1527 1009 potest
1547 954 1699 1008 gratia,

99 1019 191 1074 quis
232 1023 297 1059 est
325 1018 393 1073 qui
427 1033 521 1058 eum
549 1018 713 1059 hostem
748 1032 830 1058 non
863 1019 1090 1067 existimet,
1123 1033 1247 1074 quem
1288 1019 1357 1074 qui
1391 1018 1519 1059 armis
1562 1033 1700 1073 perse-

99 1088 283 1139 quantur
311 1088 628 1125 conservatores
658 1083 719 1124 rei
752 1084 943 1138 publicae
970 1084 1244 1138 judicantur?
1304 1084 1368 1125 At
1396 1099 1518 1138 quam
1550 1089 1697 1125 contu-

97 1149 294 1190 meliosus
316 1149 357 1189 in
379 1149 542 1199 edictis,
566 1164 691 1204 quam
712 1149 928 1199 barbarus,
953 1164 1076 1204 quam
1098 1149 1213 1190 rudis
1235 1152 1242 1190 !
1311 1149 1501 1190 Primum
1531 1149 1572 1190 in
1596 1150 1695 1190 Cae-

98 1229 235 1254 sarem
260 1214 345 1267 [ut]
373 1214 596 1254 maledicta
617 1214 844 1268 congessit«,
869 1214 1116 1269 deprompta
1134 1229 1186 1254 ex
1207 1214 1498 1255 recordatione
1519 1214 1697 1269 impudi-

100 1279 224 1320 citiae
246 1284 290 1319 et
321 1283 559 1333 stuprorum
591 1293 775 1318 suorum.
839 1278 942 1329 Quis
975 1279 1086 1319 enim
1122 1279 1201 1319 hoc
1227 1279 1493 1320 adolescente
1526 1280 1694 1330 castior,

99 1344 191 1398 quis
226 1343 483 1384 modestior?
524 1343 634 1398 quod
665 1343 705 1382 in
739 1343 960 1397 juventute
992 1344 1193 1385 habemus
1226 1344 1429 1384 illustrius
1461 1344 1698 1399 exemplum

98 1408 251 1450 veteris
283 1407 552 1449 sanctitatis?
593 1407 686 1462 quis
707 1412 849 1448 autem
879 1407 945 1447 illo
977 1408 1178 1449 maledico
1211 1408 1437 1463 impurior?
1499 1409 1697 1463 Ignobili-

98 1478 232 1515 tatem
263 1472 408 1526 objicit
441 1472 486 1513 C.
513 1471 707 1513 Caesaris
742 1472 840 1520 filio,
878 1473 998 1527 cujus
1029 1473 1157 1514 etiam
1185 1479 1337 1514 natura
1367 1478 1500 1528 pater,
1534 1474 1569 1514 si
1610 1474 1697 1514 vita

98 1537 421 1592 suppeditasset,
440 1537 583 1577 consul
604 1537 740 1578 factus
758 1536 1118 1578 esset.—A1·icina
1136 1538 1600 1579 maten—Trallianam
1621 1544 1696 1580 aut

100 1601 326 1656 Ephesiam
348 1606 469 1655 putes
491 1601 640 1641 dicere.
693 1600 849 1642 Videte
866 1616 990 1656 quam
1008 1602 1286 1656 despiciamur
1302 1617 1445 1643 omnes
1462 1603 1531 1658 qui
1550 1619 1695 1644 sumus

98 1681 120 1707 e
141 1666 390 1720 municipiis,
414 1665 456 1706 id
477 1671 542 1706 est
564 1680 708 1706 omnes
729 1666 876 1720 plane:
902 1672 1056 1721 quotus
1078 1667 1187 1707 enim
1205 1667 1379 1722 quisque
1400 1673 1591 1709 nostrum
1612 1683 1695 1709 non

97 1733 192 1773 est?
255 1731 377 1783 Quod
417 1734 560 1771 autem
596 1730 866 1785 municipium
906 1745 988 1771 non
1025 1731 1259 1772 contemnit
1295 1732 1329 1771 is
1370 1732 1438 1786 qui
1474 1732 1694 1774 Aricinum

97 1801 216 1838 tanto
238 1811 363 1852 opere
385 1795 576 1851 despicit,
595 1800 808 1837 vetustate
824 1796 1174 1851 antiquissimum,
1189 1798 1283 1851 jure
1306 1797 1580 1849 foederatum,
1599 1813 1693 1853 pro-

139 1900 169 1928 6.
194 1898 342 1937 ducibus]
392 1898 428 1929 C.
455 1898 569 1928 Caesar
592 1898 666 1928 ‘the
688 1897 789 1937 pner‚’
813 1897 875 1927 and

101 1941 142 1970 D.
160 1941 288 1970 Brutus.

132 1983 355 2021 fitstuarlum]
403 1983 472 2013 The
494 1984 699 2022 punishment
722 1983 757 2013 of
779 1983 875 2022 being

97 2024 211 2054 beaten
228 2025 303 2053 with
328 2028 335 2041 ‘
350 2025 471 2061 sustes,’
489 2036 566 2055 even
589 2030 622 2056 to
647 2026 752 2056 death.
801 2028 873 2056 Ser-

97 2068 163 2097 vius
194 2077 263 2106 says
289 2066 353 2106 (Ad
382 2068 461 2097 Aen.
490 2069 530 2097 vi.
561 2070 635 2105 825,
663 2071 873 2108 ‘saevumque

96 2110 196 2139 securi
213 2110 327 2148 Aspice
342 2110 537 2149 Torquatum
551 2109 573 2146 ’)
587 2122 593 2139 z
619 2111 702 2140 “sed
715 2111 825 2146 filium,
838 2115 873 2140 ut

96 2152 172 2182 dicit
196 2153 314 2187 Livius,
331 2153 504 2182 Fuscum-m
524 2154 658 2182 necavit.
705 2153 788 2191 Ergo
804 2163 872 2183 sae-

96 2206 169 2226 vum
200 2195 309 2231 securi,
342 2205 469 2224 saevum
505 2195 575 2233 jure
605 2195 777 2231 occidendi,
808 2205 871 2224 non

96 2238 169 2268 ferri
193 2248 325 2276 genere:
352 2248 423 2267 nam
448 2238 547 2267 securi
569 2247 632 2266 non
651 2238 872 2267 animadvertit

96 2281 128 2310 in
153 2280 288 2310 filium.’'
336 2281 399 2310 But
418 2280 494 2319 Livy
512 2289 580 2318 says
605 2280 740 2318 nothing
763 2280 797 2309 of
817 2281 871 2309 the

97 2324 297 2353 Fustuarium
322 2324 354 2353 in
378 2323 441 2352 this
465 2332 594 2362 passage
619 2321 663 2362 (8,
688 2333 714 2352 c.
737 2322 784 2362 7).
832 2323 870 2352 ln

97 2368 128 2402 5,
146 2377 172 2396 c.
190 2368 220 2401 6,
236 2366 314 2405 Livy
332 2376 403 2395 uses
419 2366 473 2394 the
490 2365 585 2394 word.

137 2418 177 2438 ne
199 2408 318 2446 referri
341 2408 484 2447 quidem]
527 2411 534 2423 ‘
549 2407 575 2436 if
593 2417 638 2436 we
661 2409 776 2436 cannot
792 2416 870 2436 even

95 2450 135 2481 be
157 2451 291 2489 grateful
308 2450 434 2487 enough
458 2454 491 2479 to
515 2450 568 2479 the
585 2449 868 2479 commandersff—

98 2496 104 2509 ‘
120 2496 347 2533 persequantur
361 2493 380 2522 ς’
400 2493 438 2522 V.
455 2493 549 2522 Halm
565 2504 573 2527 ;
598 2496 604 2508 ‘
621 2492 867 2531 persequuntur'

97 2536 138 2565 D.
184 2536 253 2565 The
276 2535 473 2573 subjunctivo
497 2545 604 2564 means
627 2539 633 2550 ⁸
649 2535 779 2564 because
796 2535 868 2573 they

95 2587 147 2607 are
164 2578 290 2615 making
306 2588 368 2607 war
387 2578 510 2615 against
531 2577 673 2607 him.‘—⁴
686 2577 836 2607 maledico
848 2577 869 2607 :'

97 2620 171 2659 ‘qui
189 2620 268 2649 male
284 2620 372 2649 dicit'
393 2620 533 2658 (Halm).

138 2662 272 2701 natura]
301 2667 307 2679 ¹
321 2662 486 2692 uaturalis'
506 2663 545 2692 D.
593 2666 600 2678 ⁴
616 2662 791 2692 Naturalis'
806 2672 867 2691 was

94 2705 159 2735 also
182 2705 256 2735 used
280 2705 311 2734 in
331 2705 392 2734 this
416 2715 516 2734 sense.
566 2705 624 2733 llis
639 2708 645 2720 ⁴
659 2715 728 2734 own
745 2705 866 2734 father!

95 2748 163 2777 The
187 2748 326 2777 Romans
357 2747 433 2777 used
460 2747 643 2776 ‘naturalis'
670 2758 703 2777 as
728 2748 866 2786 opposed

94 2793 127 2820 to
156 2789 366 2829 ‘adoptivus'
414 2790 449 2819 (ἶ.
473 2791 635 2823 Octavius.
662 2791 697 2820 C.
725 2790 867 2820 Caesar’s

94 2832 207 2868 father,
235 2833 374 2862 attained
395 2833 448 2862 the
472 2833 550 2862 rank
577 2832 613 2861 of
641 2833 778 2869 Praetor,
805 2833 867 2862 and

94 2885 156 2905 was
194 2876 374 2906 afterwards
414 2885 567 2913 governor
598 2875 634 2904 of
668 2875 864 2905 Macedonia.

94 2917 185 2949 After
206 2918 369 2957 returning
392 2918 471 2948 from
496 2918 544 2948 his
559 2918 717 2957 province,
733 2917 772 2947 lie.
794 2918 864 2948 died

918 1898 1082 1937 suddenly,
1100 1898 1207 1928 before
1227 1899 1267 1928 he
1283 1898 1344 1928 had
1360 1898 1503 1928 declared
1527 1899 1656 1929 himself
1675 1910 1693 1928 a

917 1941 1082 1971 candidate
1107 1941 1155 1971 for
1186 1942 1239 1971 the
1267 1941 1514 1980 consulship.—‘
1533 1941 1691 1972 Aricinat’

916 1984 996 2013 from
1018 1984 1133 2013 Aricia.
1193 1987 1200 2000 ‘
1215 1984 1286 2014 You
1313 1984 1413 2023 might
1436 1984 1596 2024 suppose‚’
1621 1995 1692 2024 says

916 2026 1036 2062 Cicero,
1054 2027 1115 2056 ‘he
1130 2037 1192 2056 was
1219 2027 1370 2066 speaking
1391 2027 1426 2057 of
1449 2027 1505 2056 her
1530 2037 1563 2057 as
1587 2028 1613 2057 if
1635 2028 1691 2057 she

915 2079 995 2098 were
1018 2079 1036 2098 a
1058 2079 1181 2098 woman
1203 2071 1239 2099 of
1257 2070 1377 2099 Tralles
1401 2080 1437 2099 or
1459 2070 1625 2108 Ephesus,’
1650 2080 1690 2100 an

914 2111 1034 2141 Asiatic
1059 2112 1173 2141 Greek.
1240 2112 1402 2141 Octavius’
1427 2112 1497 2141 wife
1524 2113 1598 2141 Atia
1628 2123 1690 2142 was

914 2153 967 2183 the
984 2153 1139 2191 daughter
1155 2154 1191 2183 of
1207 2154 1253 2183 M.
1266 2154 1357 2183 Atius
1378 2154 1503 2189 Balbus,
1521 2155 1590 2183 who
1607 2165 1688 2184 mar-

913 2196 978 2225 ried
1009 2196 1105 2233 Julia,
1137 2196 1191 2225 the
1219 2196 1390 2226 Dictator's
1421 2206 1559 2235 younger
1586 2197 1687 2226 sister.

913 2238 1003 2267 After
1019 2238 1181 2267 Octavius'
1198 2239 1291 2268 death
1304 2239 1377 2268 Atia
1399 2239 1531 2267 married
1549 2239 1585 2268 L.
1601 2239 1687 2269 Mar-

913 2280 978 2309 cius
996 2280 1170 2319 Philippus.
1217 2281 1384 2311 Suetonius
1402 2280 1590 2320 (Augustus,
1609 2292 1634 2311 c.
1655 2284 1686 2321 4)

913 2332 1004 2361 says:
1042 2326 1060 2338 ‘¹
1075 2323 1192 2352 Balbus
1224 2327 1353 2362 paterna
1394 2324 1490 2362 stirpe
1528 2323 1685 2361 Aricinus,

913 2365 1020 2395 multis
1051 2365 1082 2394 in
1114 2366 1230 2395 familia
1257 2367 1418 2395 senatoriis
1446 2366 1644 2405 imaginibuS,
1669 2378 1687 2397 a

914 2410 1014 2437 matre.
1032 2407 1184 2446 Magnum
1205 2409 1389 2447 Pompeium
1414 2409 1588 2438 arctissimo
1611 2420 1686 2439 con-

912 2450 1053 2488 tingebat
1075 2451 1349 2489 gramm—Verum
1376 2451 1423 2481 M.
1447 2451 1606 2481 Antonius
1632 2453 1686 2482 dc-

912 2493 1046 2531 spicicns
1063 2494 1156 2523 ctiam
1175 2497 1346 2523 maternam
1365 2494 1499 2533 Augusti
1522 2495 1685 2533 originem,

912 2545 1061 2574 proavum
1085 2536 1152 2574 ejus
1170 2536 1236 2566 Afri
1259 2537 1382 2575 generis
1407 2537 1512 2572 fuisse,
1536 2542 1567 2566 et
1593 2538 1685 2566 modo

911 2579 1150 2616 unguentarium
1181 2578 1356 2615 tabernam,
1389 2580 1482 2608 modo
1518 2580 1684 2618 pistrinum

911 2621 1034 2650 Ariciae
1068 2622 1280 2651 exer-‹suisseff’
1340 2623 1408 2652 The
1437 2622 1522 2652 Gens
1553 2623 1685 2652 Octavia

911 2673 973 2692 was
990 2664 1067 2693 froin
1087 2664 1236 2694 Velitrae.

954 2709 1068 2744 quotus
1094 2706 1193 2746 enim]
1243 2707 1342 2746 Many
1366 2707 1401 2736 of
1424 2707 1477 2737 the
1504 2711 1592 2745 great
1622 2707 1683 2736 lto-

911 2759 982 2777 nian
1008 2749 1139 2779 samilies
1163 2760 1250 2779 came
1274 2750 1352 2778 l‘roin
1374 2750 1484 2779 Italian
1504 2750 1680 2787 municipia.

911 2792 969 2821 See
988 2791 1045 2820 l’ro
1063 2792 1196 2828 Plancio,
1211 2803 1237 2821 e.
1250 2794 1335 2821 8.—‘
1350 2793 1510 2822 Aricinum
1524 2792 1544 2820 :'
1571 2792 1682 2825 Aricia,

911 2834 956 2863 Lu
974 2834 1090 2870 Riecia,
1107 2844 1148 2864 on
1170 2835 1224 2864 the
1242 2835 1301 2864 Via
1316 2835 1430 2873 Appia,
1448 2835 1568 2863 sixteen
1594 2834 1682 2863 miles

910 2876 988 2906 from
1008 2877 1119 2913 Romo,
1134 2887 1195 2907 was
1211 2887 1250 2907 an
1267 2877 1318 2907 old
1339 2878 1429 2907 Latin
1448 2882 1541 2905 town.
