1816 3211
0 606 102 659 A*

787 216 919 259 OAP.
952 217 1019 268 37,
1054 218 1122 258 38.
1669 217 1751 261 375

155 329 223 371 illo
255 330 433 371 dolores.
495 330 606 384 Quid
626 345 692 372 me
721 330 917 372 reducem
939 344 1031 371 esse
1052 329 1273 371 voluistis?
1324 328 1396 369 An
1417 333 1464 370 ut
1485 328 1752 385 inspectante

155 411 222 437 me
258 395 567 451 expellerentur
598 396 626 436 ii
662 411 734 452 per
770 410 876 451 quos
912 410 1047 437 essem
1078 395 1331 436 restitutus?
1392 394 1547 443 Nolite,
1578 395 1752 436 obsecro

154 475 241 510 VOS,
264 461 521 502 acerbiorem
549 462 649 502 mihi
680 461 770 517 pati
797 461 980 502 reditum
1011 475 1102 501 esse
1131 475 1256 515 quam
1290 459 1418 500 fuerit
1449 459 1516 500 ille
1550 459 1637 514 ipse
1671 459 1752 500 dis-

156 541 310 567 cessus.
374 526 483 567 Nam
512 527 580 581 qui
611 542 777 582 possum
807 532 956 581 putare
985 541 1050 566 me
1082 526 1327 566 restitutum
1358 539 1463 573 esse,
1486 525 1520 565 si
1543 524 1752 565 distrahar

155 594 209 633 ab
240 592 290 633 iis
321 607 393 647 per
415 607 519 648 quos
541 593 763 634 restitutus
784 594 902 633 sum?
964 591 1256 632 XXXVIII.
1291 591 1468 631 Utinam
1498 591 1554 631 dii
1585 591 1752 630 immor-

109 640 190 658 m

0 656 262 713 Aoffales
282 658 641 713 fecissent-pace
663 664 749 707 tua,
773 658 921 712 patria>
945 658 1132 706 dixerim,
1157 660 1298 697 metuo
1330 656 1439 696 enim
1469 670 1521 696 ne
1549 655 1752 696 scelerate

156 722 292 763 dicam
325 723 367 763 in
395 727 439 764 te
471 724 581 778 quod
609 738 683 778 pro
714 723 874 763 Milone
909 722 1043 763 dicam
1076 721 1363 777 pie—utinam
1393 720 1444 760 P.
1470 720 1639 761 Clodius
1669 735 1753 760 non

155 788 280 829 modo
303 788 472 838 viveret,
496 789 571 829 sed
592 788 720 829 etiam
742 792 924 843 praetor,
948 787 1102 837 consul,
1128 786 1311 827 dictator
1333 790 1443 826 esset
1464 785 1605 839 potius
1627 799 1753 839 quam

155 853 234 894 hoc
261 854 545 908 spectaculum
575 853 781 894 viderem!
849 853 884 894 O
916 852 971 892 dii
1002 851 1286 892 immortales!
1321 851 1474 891 fortem
1506 855 1548 890 et
1576 864 1601 890 a
1621 850 1748 899 vobis,

152 917 328 973 judices,
367 918 695 959 conservandum
728 918 861 959 virum
883 917 1144 967 !-Minime,
1188 915 1365 966 minime,
1403 914 1553 970 inquit.
1616 914 1751 955 Immo

156 997 253 1024 vero
285 998 442 1038 poenas
474 984 541 1024 ille
570 983 734 1025 debitas
761 983 910 1024 luerit:
946 997 1022 1023 nos
1058 982 1293 1031 subeamus,
1318 980 1353 1022 si
1386 980 1446 1022 ita
1473 994 1644 1021 necesse
1672 984 1750 1028 est,

156 1063 239 1089 non
261 1048 678 1091 debitas.—-Hiccine
696 1049 757 1089 vir
778 1048 938 1104 patriae
969 1053 1095 1088 natus
1121 1061 1296 1102 usquam
1317 1045 1396 1086 nisi
1426 1045 1468 1086 in
1498 1044 1636 1099 patria
1665 1058 1752 1084 mo-

156 1113 298 1164 rietur,
337 1119 425 1166 aut,
463 1114 498 1156 si
532 1114 654 1164 forte,
691 1128 768 1169 pro
808 1112 974 1168 patria?
1037 1111 1178 1166 Hujus
1211 1126 1284 1152 vos
1315 1109 1444 1152 animi
1478 1114 1753 1150 monumenta

157 1178 406 1230 retinebitis,
442 1180 628 1235 corporis
665 1179 707 1220 in
743 1178 867 1219 Italia
907 1177 1065 1218 nullum
1101 1176 1337 1232 sepulcrum
1373 1190 1465 1217 esse
1506 1175 1753 1230 patiemini?

158 1243 268 1284 hunc
298 1259 375 1285 sua
410 1245 629 1300 quisquam
660 1244 870 1286 sententia
899 1258 952 1284 ex
985 1243 1063 1283 hac
1094 1243 1196 1283 urbe
1226 1241 1420 1297 expellet,
1454 1255 1578 1295 quem
1610 1253 1754 1280 omnes

158 1309 285 1350 urbes
315 1310 532 1365 expulsum
562 1325 587 1351 a
607 1310 724 1351 vobis
751 1310 805 1350 ad
837 1324 881 1350 se
901 1308 1136 1350 vocabunt?
1198 1307 1234 1348 O
1255 1313 1414 1349 terram
1443 1305 1555 1346 illam
1586 1306 1755 1346 beatam

159 1388 264 1428 quae
294 1375 404 1416 hunc
433 1375 566 1416 virum
598 1375 822 1430 exceperit,
847 1374 952 1415 hanc
983 1373 1192 1429 ingratam
1214 1373 1249 1413 si
1280 1370 1466 1426 ejecerit,
1499 1370 1693 1410 miseram
1717 1369 1753 1410 si

161 1439 349 1481 amiserit
367 1443 374 1480 !

159 1626 252 1666 gavi)
269 1627 326 1658 &c.
342 1627 425 1658 refer
439 1629 473 1658 to
489 1627 543 1658 the
563 1627 724 1667 discovery
739 1627 776 1658 of
791 1627 846 1657 the
862 1636 936 1657 con-

159 1671 292 1711 spiracy.
315 1670 447 1701 Abrami
462 1671 570 1701 thinks
586 1671 656 1700 that
672 1671 850 1709 something
866 1680 938 1710 may

159 1713 200 1743 be
215 1714 354 1753 wanting
369 1714 432 1744 like
448 1716 455 1730 ¹
470 1724 566 1753 quum
584 1714 669 1743 illam
685 1714 847 1743 flammam
863 1723 937 1743 con-

156 1756 323 1796 jurationis
339 1756 497 1787 exstinxi.²
544 1757 608 1787 But
622 1766 787 1787 reverence
803 1760 835 1786 to
855 1756 937 1786 anti-

160 1799 425 1840 quityprevented
432 1800 497 1830 him
504 1800 585 1830 from
596 1800 722 1839 making
734 1810 795 1840 any
805 1799 937 1838 change.

203 1844 257 1874 38.
283 1844 418 1873 Minime
434 1866 441 1874 .
460 1866 468 1874 .
487 1865 494 1873 .
511 1843 632 1883 inquit]
681 1842 826 1873 Milo.-‘
839 1842 938 1872 animi

159 1888 368 1916 monumenta
381 1885 401 1916 τ’
434 1886 490 1916 the
515 1886 626 1916 record
652 1896 689 1916 or
715 1885 879 1916 memorial
905 1885 942 1916 of

162 1928 273 1959 Milo’s
288 1932 377 1968 great
387 1930 475 1959 mind
489 1941 496 1966 ;
521 1939 557 1959 or
573 1932 581 1946 ⁴
593 1929 648 1960 the
657 1929 765 1969 things
778 1928 880 1959 which
890 1938 938 1959 we

162 1981 229 2001 owe
244 1975 278 2001 to
294 1972 343 2002 his
358 1976 446 2011 great
461 1971 571 2008 mind‚'
589 1982 622 2002 as
637 1973 733 2002 Halm
746 1972 889 2011 explains
901 1972 936 2002 it.

208 2014 274 2044 Sed
279 2015 361 2053 finis·
377 2036 386 2044 .
403 2037 411 2045 .
429 2037 436 2045 .
454 2016 540 2054 loqui
561 2015 704 2055 possum]
755 2015 880 2048 Quoted
896 2015 938 2055 by

165 2056 340 2089 Quintilian
354 2055 411 2096 (xi.
429 2059 459 2089 3.
480 2057 573 2098 173):
610 2060 630 2075 “
646 2058 705 2088 Illa
718 2068 845 2098 quoque
861 2059 939 2088 mire

164 2099 239 2129 facit
254 2099 286 2128 in
302 2100 500 2138 peroratione
520 2101 606 2130 velut
632 2101 805 2132 deficientis
830 2101 939 2132 dolore

165 2145 197 2172 et
226 2141 408 2181 fatigatione
438 2143 591 2173 confessio
610 2155 617 2173 :
656 2146 693 2174 ut
729 2153 786 2183 pro
827 2144 938 2174 eodem

165 2184 298 2220 Milone,
317 2185 398 2215 ·Sed
411 2185 482 2215 finis
496 2208 503 2215 .
522 2208 530 2216 .
548 2208 555 2215 .
572 2195 701 2225 possum
715 2186 737 2216 :’
761 2197 841 2226 quae
853 2187 939 2217 simi-

165 2227 227 2257 lem
252 2227 355 2257 verbis
385 2228 499 2258 habere
528 2228 645 2259 debent
673 2229 767 2259 etiam
799 2240 939 2269 pronun-

166 2270 364 2300 tiationem.''
409 2271 478 2300 The
493 2271 594 2301 whole
609 2271 645 2300 of
663 2272 726 2302 this
744 2272 827 2302 third
845 2273 939 2312 chap-

166 2315 216 2342 ter
230 2313 265 2342 of
278 2313 453 2346 Quintilian
467 2314 492 2344 is
508 2314 609 2344 worth
625 2315 764 2353 reading.
790 2315 821 2345 lt
837 2315 940 2345 shows

167 2356 237 2385 how
262 2355 355 2385 much
379 2366 466 2387 more
490 2357 579 2387 there
595 2367 656 2387 was
672 2358 704 2387 in
721 2358 845 2387 Roman
869 2368 939 2387 ora-

167 2402 238 2438 tory
254 2398 331 2428 than
347 2399 379 2428 in
395 2399 450 2429 the
465 2399 556 2439 frigid
572 2400 637 2430 talk
653 2399 690 2430 of
709 2410 766 2430 our
782 2410 854 2430 men
869 2401 940 2430 who

167 2451 221 2472 are
236 2441 334 2471 called
356 2442 513 2480 speakers.
559 2443 604 2472 As
624 2446 658 2473 to
681 2443 940 2483 ‘pronuntiatim’

167 2493 240 2524 says
256 2484 442 2520 Quintilian,
461 2487 510 2515 “a
532 2485 689 2526 plerisque
709 2487 790 2516 actio
815 2486 938 2522 dicitur,

168 2527 223 2557 sed
251 2527 336 2566 prius
362 2537 478 2557 nomen
505 2538 523 2557 a
542 2538 629 2564 voce,
655 2539 789 2568 sequens
813 2538 831 2558 a
851 2533 942 2567 gestu

168 2570 291 2599 videtur
302 2571 451 2610 accipere.
497 2571 644 2611 Namque.
659 2572 815 2601 notionem
833 2572 942 2601 Cicero

168 2613 244 2642 alias
274 2613 362 2652 quasi
400 2623 588 2650 sermonem,
617 2614 693 2644 alius
729 2615 941 2654 eloquentiam

169 2655 327 2695 quandam
344 2656 481 2695 corporis
496 2656 581 2686 dicit.
630 2657 717 2687 Idem
737 2661 842 2687 tamen
866 2658 943 2688 duas

169 2700 237 2738 ejus
254 2702 358 2738 partes
374 2699 456 2735 facit,
474 2709 555 2738 quae
570 2703 645 2730 sunt
660 2700 786 2730 eaedem
804 2711 943 2740 pronun-

171 2742 321 2773 tiationis.
334 2752 440 2771 vocem
453 2746 547 2781 atquc
563 2746 697 2772 motum.
744 2744 944 2783 Quapropter

171 2789 306 2824 utraque
328 2785 540 2824 appellatione
556 2785 772 2815 indifferenter
792 2787 838 2816 uti
860 2787 942 2817 licet.

173 2827 282 2858 Habet
307 2832 411 2858 autem
430 2838 478 2858 res
500 2829 567 2867 ipsa
593 2829 703 2858 miram
729 2829 887 2868 quandam
912 2830 944 2860 in

172 2871 367 2901 orationibus
403 2871 465 2900 vim
504 2882 540 2901 ac
576 2874 775 2910 potestatem.
832 2872 946 2913 Neque

173 2913 256 2943 enim
273 2917 338 2944 tum
356 2913 450 2943 refert
465 2914 569 2954 qualia
590 2914 662 2948 sint,
680 2924 760 2954 qnae
775 2914 857 2945 intra
873 2925 946 2945 nos-

175 2957 326 2998 metipsos
339 2958 582 2998 composuimus,
591 2967 684 2997 quam
697 2967 759 2997 quo
770 2958 863 2989 modo
873 2959 947 2989 effe-

447 1440 530 1481 Sed
569 1440 665 1481 finis
704 1439 786 1487 sit;
833 1454 968 1494 neque
1009 1438 1119 1479 enim
1159 1452 1259 1495 prae
1299 1435 1479 1477 lacrimis
1515 1435 1604 1489 jam
1643 1433 1755 1489 loqui
1793 1443 1799 1446 “

159 1519 343 1560 possum,
373 1510 416 1546 et
450 1505 517 1546 hic
551 1520 596 1547 se
629 1504 809 1546 lacrimis
845 1503 1011 1545 defendi
1041 1508 1174 1545 vetat.

1760 1467 1808 1491 (ns

1240 1502 1327 1543 Vos
1363 1515 1434 1542 oro
1468 1500 1784 1555 obtestorque,

978 1628 1099 1662 rantur,
1116 1635 1189 1655 nam
1206 1625 1249 1655 ita
1265 1625 1399 1664 quisque
1415 1627 1451 1653 ut
1465 1623 1554 1653 audit
1575 1620 1754 1652 movetur.’'

980 1670 1022 1699 So
1039 1679 1084 1698 we
1105 1669 1176 1698 who
1200 1668 1274 1697 read
1295 1667 1358 1697 ‘the
1383 1668 1508 1697 ancient
1531 1669 1651 1696 orators
1676 1666 1756 1695 have

979 1712 1087 1752 onlya
1108 1714 1178 1751 part
1208 1711 1243 1740 of
1268 1710 1353 1740 what
1382 1710 1456 1749 they
1487 1709 1572 1745 said3
1609 1708 1671 1738 and
1700 1708 1756 1738 the

981 1754 1084 1786 Greek
1111 1754 1291 1784 dramatists
1316 1763 1369 1783 are
1393 1752 1495 1791 fcebly
1522 1751 1688 1781 conceived
1713 1750 1755 1790 by

979 1799 1034 1828 the
1050 1807 1135 1827 mere
1149 1796 1279 1835 reading
1290 1796 1326 1826 of
1338 1796 1436 1830 them,
1453 1794 1652 1834 particularly
1666 1794 1755 1823 when

979 1841 1055 1881 they
1071 1850 1123 1870 are
1138 1840 1211 1870 read
1228 1839 1268 1878 by
1285 1849 1304 1868 a
1320 1849 1392 1868 man
1408 1838 1478 1868 who
1499 1838 1555 1867 has
1579 1837 1660 1866 little
1681 1836 1755 1866 feel-

979 1885 1033 1923 ing
1057 1884 1106 1913 for
1131 1886 1190 1913 art.
1237 1882 1414 1915 Quintilian
1443 1881 1501 1910 has
1531 1890 1571 1910 an
1601 1879 1756 1909 excellent

978 1927 1104 1958 remark
1127 1936 1168 1956 on
1197 1927 1303 1964 acting
1328 1925 1390 1955 and
1412 1924 1582 1964 speaking:
1616 1923 1756 1952 “Docu-

980 1973 1089 2001 mento
1113 1972 1188 2000 sunt
1204 1968 1252 1998 vel
1268 1968 1382 1998 scenici
1407 1971 1540 2003 actores,
1558 1966 1611 2006 qui
1627 1970 1659 1996 et
1674 1965 1756 2005 opti-

981 2014 1040 2044 mis
1063 2016 1228 2052 poetarum
1252 2015 1376 2041 tantum
1401 2010 1553 2049 adjiciunt
1579 2009 1697 2047 gratiae
1721 2012 1757 2038 ut

981 2066 1038 2087 nos
1066 2056 1188 2090 infinite
1215 2055 1314 2094 magis
1340 2053 1449 2084 eadem
1470 2053 1523 2082 illa
1537 2052 1645 2082 audita
1661 2061 1755 2091 quam

981 2100 1061 2130 lecta
1085 2098 1253 2136 delectent,
1274 2101 1306 2128 et
1321 2096 1478 2127 vilissimis
1505 2096 1601 2125 etiam
1626 2094 1756 2134 quibus-

981 2143 1053 2173 dam
1075 2142 1246 2181 impetrant
1268 2150 1359 2170 aures
1384 2147 1429 2175 ut,
1447 2138 1561 2179 quibus
1584 2138 1689 2167 nullus
1708 2141 1757 2166 est

981 2186 1014 2215 in
1037 2184 1236 2215 bibliothecis
1259 2184 1358 2218 locus,
1375 2183 1415 2213 sit
1435 2183 1530 2212 etiam
1551 2181 1699 2220 frequens
1723 2180 1756 2210 in

982 2228 1123 2259 theatris.
1170 2227 1263 2261 Quod
1297 2227 1322 2256 si
1353 2227 1385 2256 in
1415 2225 1519 2260 rebus,
1551 2233 1629 2264 quas
1667 2223 1756 2252 fictas

982 2281 1051 2302 esse
1071 2271 1186 2301 scimus
1202 2274 1234 2300 et
1254 2271 1374 2303 inanes.
1392 2272 1516 2299 tantum
1539 2266 1756 2307 pronuntiatio

982 2317 1088 2354 potest
1124 2318 1160 2344 ut
1195 2313 1286 2348 iram,
1324 2312 1478 2347 lacrimas,
1514 2309 1755 2340 sollicitudinem

982 2357 1101 2392 afferat,
1126 2356 1335 2397 quantoplus
1358 2355 1459 2385 vulcat
1480 2363 1605 2383 necesse
1631 2356 1679 2382 est
1703 2351 1757 2381 ubi

981 2403 1014 2430 ct
1029 2399 1205 2430 credimus?
1251 2398 1406 2439 Equidem
1418 2397 1466 2427 vel
1482 2396 1672 2427 mediocrem
1688 2404 1757 2424 ora-

982 2443 1101 2473 tionem
1117 2442 1370 2473 commendatam
1386 2440 1503 2471 viribus
1520 2439 1652 2470 actionis
1675 2438 1757 2468 affir-

983 2486 1131 2516 maverim
1169 2485 1242 2525 plus
1281 2484 1460 2515 habituram
1499 2492 1568 2513 esse
1605 2480 1758 2511 momenti

983 2539 1077 2568 quam
1115 2529 1267 2568 optimam
1305 2527 1413 2558 eadem
1451 2526 1504 2556 illa
1538 2522 1758 2555 destituta-anfi

983 2572 1052 2602 'rho
1067 2576 1154 2609 great
1169 2575 1285 2601 master
1301 2571 1335 2600 of
1354 2574 1492 2608 oratory,
1515 2567 1758 2598 Demosthenes.

984 2615 1046 2645 laid
1062 2625 1096 2644 so
1112 2615 1206 2645 much
1223 2619 1319 2644 stress
1341 2624 1382 2643 on
1406 2617 1412 2629 ⁴
1425 2610 1663 2652 pronuntiatio‚'
1691 2609 1760 2638 tlmt

985 2658 1025 2687 lie
1041 2657 1222 2687 considered
1239 2658 1264 2687 it
1283 2657 1338 2687 the
1360 2657 1440 2690 first,
1467 2655 1579 2684 indeed
1606 2653 1661 2683 the
1685 2651 1758 2689 only

986 2701 1097 2739 thing3
1120 2711 1159 2730 an
1175 2699 1382 2739 exnggeratcd
1409 2698 1600 2737 expression,
1629 2696 1682 2724 hut
1711 2694 1758 2723 in-

986 2743 1100 2774 tended
1117 2747 1150 2773 to
1166 2743 1251 2773 show
1277 2743 1362 2772 what
1386 2742 1425 2771 lic
1446 2741 1583 2779 thought.
1610 2739 1645 2767 of
1668 2742 1674 2753 ⁴
1688 2745 1759 2774 pro-

987 2786 1167 2816 nuntiatio.’
1215 2787 1254 2816 In
1274 2786 1372 2819 trutli.
1395 2785 1513 2814 human
1537 2781 1649 2821 speech
1667 2780 1691 2808 is
1708 2778 1761 2806 1110ι

987 2834 1124 2869 greatest
1140 2839 1245 2869 power
1265 2829 1335 2859 that
1356 2838 1429 2858 man
1446 2834 1613 2866 possessos.
1630 2821 1691 2851 mul
1708 2820 1761 2849 ¹¹¹ss

989 2876 1072 2903 most
1087 2872 1217 2909 abuscd,
1235 2872 1384 2906 misuscd,
1400 2870 1462 2900 nnd
1478 2865 1649 2905 neglected.
1713 2904 1717 2909 .

1033 2916 1192 2954 lacrimis]
1242 2916 1301 2946 See
1331 2914 1385 2945 the
1412 2912 1472 2943 end
1498 2911 1532 2940 ol*
1560 2909 1612 2938 the
1642 2909 1763 2936 crunon

991 2959 1051 2989 Pro
1069 2958 1205 2989 Plancio.
