1816 3211
727 184 860 226 OAP.
895 186 960 234 13,
986 186 1052 224 14.
1603 184 1684 226 493

89 311 238 338 manus
266 297 333 353 qui
360 297 460 346 illos,
486 312 614 353 quum
641 297 905 347 accesserint,
933 312 1017 338 non
1046 296 1163 337 affari
1195 300 1322 351 atque
1353 300 1551 352 appetere
1572 295 1682 336 vide-

88 363 216 403 atur?
246 363 315 417 qui
341 363 526 403 homines
556 368 643 404 tam
664 368 854 418 agrestes
884 362 954 417 qui
983 377 1040 411 se,
1065 376 1191 416 quum
1213 376 1284 402 eos
1315 361 1568 416 aspexerint,
1601 375 1683 400 non

90 427 315 467 maximum
345 427 502 481 cepisse
522 428 631 468 vitae
656 428 838 468 fructum
871 427 1049 481 putent?
1082 441 1187 481 quae
1220 441 1314 466 vero
1349 432 1435 466 tam
1468 425 1685 465 immemor

88 491 317 545 posteritas
339 507 444 546 quae
466 497 551 532 tam
575 493 764 547 ingratae
792 492 959 533 litterae
987 491 1261 546 reperientur,
1287 505 1390 545 quae
1422 505 1562 531 eorum
1595 490 1684 544 glo-

90 556 195 595 riam
222 571 304 596 non
334 557 663 598 immortalitatis
691 557 890 597 memoria
919 556 1253 611 prosequantur?
1314 555 1377 595 Tu
1399 570 1495 595 vero
1525 555 1685 595 ascribe

89 635 155 660 me
178 622 302 661 talem
325 621 365 661 in
388 636 618 661 numerum.
681 621 816 662 XIV.
841 622 924 662 Sed
942 636 1066 661 unam
1084 636 1171 661 rem
1188 635 1333 661 vereor
1349 636 1400 661 ne
1416 636 1498 661 non
1520 621 1685 675 probes.

92 685 136 725 Si
158 685 267 725 enim
288 686 470 736 fuissem,
495 701 577 726 non
598 687 731 726 solum
753 702 907 741 regem,
930 687 1003 727 sed
1032 687 1158 727 etiam
1181 701 1355 740 regnum
1383 687 1434 726 de
1456 701 1500 726 re
1523 686 1687 740 publica

90 749 379 797 sustulissem;
416 754 470 799 et,
495 751 529 790 si
561 765 678 791 meus
709 750 831 791 stilus
859 751 926 792 ille
961 751 1124 800 fuisset,
1148 756 1196 792 ut
1229 751 1392 799 dicitur,
1415 750 1515 790 mihi
1548 751 1683 800 crede,

89 829 173 854 non
202 815 336 855 solum
366 829 494 855 unum
525 821 680 864 actum,
704 815 777 855 sed
805 820 939 855 totam
971 815 1152 855 fabulam
1186 814 1472 854 confecissem.
1535 815 1686 866 Quam-

91 894 215 933 quam
232 879 266 919 si
288 879 466 920 interfici
485 879 708 920 Gaesarem
724 880 902 920 voluisse
923 880 1078 920 crimen
1101 884 1177 928 est,
1197 879 1299 928 vide,
1321 893 1487 933 quaeso,
1508 879 1686 928 Antoni,

92 943 191 997 quid
222 944 297 984 tibi
328 944 514 985 futurum
535 944 603 995 sit,
628 959 750 999 quem
771 949 812 984 et
840 944 1040 984 Narbone
1071 944 1150 984 hoc
1172 943 1388 984 consilium
1409 958 1503 984 cum
1533 943 1687 984 Trebo-

91 1008 160 1048 nio
178 1008 339 1063 cepisse
356 1009 619 1049 notissimum
636 1013 714 1057 est,
730 1014 773 1049 et
791 1009 843 1049 ob
860 1009 950 1063 ejus
968 1008 1127 1049 consilii
1145 1007 1403 1059 societatem,
1421 1023 1545 1062 quum
1562 1008 1688 1049 inter-

91 1072 289 1113 ficeretur
312 1072 476 1122 Caesar,
501 1078 589 1113 tum
612 1079 655 1114 te
676 1089 701 1114 a
723 1073 931 1114 Trebonio
955 1073 1130 1113 vidimus
1152 1072 1351 1113 sevocari.
1416 1072 1510 1127 Ego
1531 1078 1685 1123 autem,

92 1137 184 1177 vide
206 1152 330 1191 quam
351 1143 491 1179 tecum
512 1153 636 1193 agam
667 1153 749 1178 non
772 1138 948 1187 inimice,
973 1137 1084 1192 quod
1105 1137 1210 1177 bene
1233 1137 1431 1192 cogitasti
1452 1138 1687 1192 aliquando,

93 1201 243 1249 laudo;
279 1203 386 1256 quod
410 1217 491 1243 non
512 1203 719 1253 indicasti,
744 1203 903 1257 gratias
923 1217 1005 1256 ago
1025 1219 1035 1249 3
1070 1203 1180 1256 quod
1203 1217 1286 1242 non
1313 1202 1463 1252 fecisti,
1488 1203 1685 1257 ignosco:

95 1266 228 1306 virum
263 1281 330 1306 res
360 1267 428 1307 illa
460 1269 701 1321 quaerebat.
740 1267 888 1318 „Quod
921 1267 955 1307 si
988 1273 1031 1308 te
1063 1266 1105 1306 in
1141 1266 1348 1320 judicium
1382 1266 1472 1321 quis
1504 1267 1689 1306 adducat

94 1334 351 1384 usurpetque
382 1330 480 1370 illud
514 1331 771 1380 Cassianum,
797 1331 874 1372 Cui
899 1331 1009 1370 bono
1040 1330 1177 1379 fuerit,
1203 1330 1307 1377 vide,
1331 1345 1485 1385 quaeso
1517 1346 1567 1371 ne
1594 1331 1688 1370 hae-

95 1410 202 1436 reas.
265 1396 523 1450 Quamquam
547 1396 645 1439 illud
671 1394 878 1450 [quidem]
902 1395 993 1444 fuit,
1018 1401 1065 1434 ut
1093 1399 1140 1435 tu
1163 1395 1343 1441 dicebas,
1367 1395 1557 1434 omnibus
1579 1395 1689 1435 bono

95 1460 165 1514 qui
187 1460 341 1500 servire
363 1460 571 1509 nolebant,
588 1460 664 1500 tibi
687 1466 826 1500 tamen
848 1459 1081 1513 praecipue,
1101 1459 1170 1513 qui
1192 1473 1273 1499 non
1296 1459 1420 1499 modo
1442 1474 1524 1499 non
1545 1459 1687 1508 servis,

95 1524 168 1564 sed
191 1524 317 1565 etiam
340 1539 502 1579 regnas,
527 1525 594 1579 qui
617 1525 797 1564 maximo
827 1531 869 1564 te
899 1538 995 1564 aere
1016 1524 1151 1564 alieno
1172 1524 1224 1563 ad
1247 1524 1393 1564 aedem
1418 1524 1521 1578 Opis
1542 1524 1692 1564 libera-

95 1587 204 1637 visti,
229 1588 297 1642 qui
318 1603 393 1643 per
414 1589 581 1628 easdem
608 1588 773 1629 tabulas
798 1587 1142 1627 innumerabilem
1173 1588 1389 1642 pecuniam
1421 1588 1688 1643 dissipavisti‚

94 1653 147 1692 ad
170 1667 291 1707 quem
313 1667 335 1693 e
357 1653 480 1693 domo
500 1653 689 1694 Caesaris
709 1658 797 1693 tam
821 1652 953 1693 multa
974 1653 1112 1693 delata
1133 1658 1244 1703 sunt,
1270 1653 1389 1707 cujus
1411 1655 1521 1699 domi
1544 1669 1690 1708 quaes-

95 1717 336 1758 tuosissima
353 1723 417 1759 est
434 1718 631 1758 falsorum
649 1717 1042 1758 commentariorum
1059 1722 1102 1758 et
1120 1718 1493 1773 chirographorum
1511 1719 1687 1770 officina,

95 1797 304 1837 agrorum,
346 1783 606 1837 oppidorum,
656 1782 981 1830 immunitatum,
1026 1782 1293 1837 vectigalium
1338 1782 1713 1837 flagitiosissimae.

95 1847 320 1887 nundinae.
341 1867 361 1901 χ
383 1848 556 1888 Etenim
592 1863 697 1903 quae
731 1863 798 1889 res
834 1846 1016 1902 egestati
1053 1852 1097 1888 et
1128 1847 1213 1887 aeri
1246 1848 1381 1888 alieno
1417 1853 1490 1888 tuo
1526 1853 1692 1902 praet-er

96 1916 274 1952 mortem
307 1912 499 1953 Caesaris
534 1912 756 1952 subvenire
792 1912 1030 1967 potuisset?
1091 1911 1244 1952 Nescio
1280 1911 1378 1967 quid
1415 1913 1692 1953 conturbatus

97 1991 190 2017 esse
225 1976 388 2017 videris.
453 1976 665 2031 Numquid
698 1977 902 2017 subtimes
936 1991 986 2016 ne
1017 1976 1071 2016 ad
1102 1981 1146 2017 te
1182 1976 1261 2017 hoc
1294 1976 1448 2017 crimen
1483 1977 1692 2031 pertinere

98 2040 314 2081 videatur-3
378 2040 529 2081 Libero
552 2046 594 2081 te
615 2046 755 2081 metu:
790 2055 911 2081 nemo
934 2041 1076 2081 credet
1107 2055 1328 2095 umquam:
1363 2056 1444 2081 non
1476 2046 1542 2081 est
1574 2046 1692 2081 tuum

100 2106 151 2145 de
172 2119 216 2145 re
238 2104 403 2159 publica
423 2105 528 2145 bene
543 2105 690 2144 mereri
708 2121 715 2145 :
740 2105 869 2145 habet
891 2105 1013 2145 istius
1035 2104 1301 2159 pulcherrimi
1324 2104 1424 2145 facti
1444 2104 1693 2145 clarissimos

100 2169 210 2209 viros
241 2184 308 2209 res
340 2168 505 2223 publica
537 2173 755 2209 auctores:
790 2184 868 2224 ego
902 2174 945 2210 tc
982 2174 1147 2209 tantum
1172 2169 1355 2221 gaudere
1389 2168 1508 2214 di00;
1545 2169 1692 2209 fecisse

148 2268 196 2298 14.
222 2266 378 2306 ficissem]
417 2269 424 2283 ⁴
439 2266 470 2295 in
488 2265 872 2303 numero.’—‘regnum:'
918 2265 987 2295 that
1003 2265 1043 2294 hc
1058 2265 1160 2303 might
1184 2268 1240 2294 not
1261 2265 1339 2294 have
1359 2268 1413 2302 got
1437 2265 1517 2294 from
1539 2265 1602 2296 this
1620 2275 1691 2305 pas-

918 2307 1200 2345 sage.——‘sevocari
1214 2307 1233 2336 :'
1259 2318 1310 2336 see
1326 2307 1379 2337 the
1398 2308 1517 2337 Introd.

103 2319 249 2349 compare
270 2310 324 2339 the.
348 2310 440 2339 letter
456 2313 488 2339 to
505 2309 631 2339 Cassius
649 2308 713 2348 (Ad
732 2309 802 2338 Div.
820 2309 872 2337 xii.

105 2352 204 2392 l).—‘
217 2352 306 2382 stilus
318 2352 337 2381 :'
362 2352 402 2381 he
418 2352 505 2391 plays
521 2362 562 2381 on
574 2351 625 2380 the
637 2351 719 2380 word
737 2353 743 2367 ⁴
759 2349 873 2386 stilus,'

102 2404 137 2424 as
166 2394 261 2424 Halm
287 2395 437 2430 remarks,
468 2395 538 2424 who
566 2403 726 2432 compares
752 2393 874 2422 Horace

104 2436 184 2476 (Sat.
201 2437 232 2466 ii.
254 2438 280 2472 1,
298 2447 325 2466 v.
342 2439 420 2472 39):

348 2495 407 2525 Sed
425 2495 476 2524 hie
489 2495 578 2525 stilus
594 2494 676 2524 haud
694 2496 780 2533 petet
792 2494 874 2523 ultro

147 2538 348 2576 Quemquam
369 2538 562 2567 animantem
579 2541 611 2567 et
627 2547 677 2566 me
692 2537 788 2566 veluti
804 2547 873 2566 cus-

190 2579 289 2609 todiet
304 2580 387 2608 ensis

146 2622 269 2661 Vagina
284 2621 421 2651 tectus.’'

149 2688 318 2728 Narbone]
367 2688 471 2718 When
500 2688 615 2718 Caesar
637 2698 699 2717 was
722 2688 752 2717 in
782 2688 877 2728 Spain

105 2733 153 2762 for
178 2732 231 2761 the
258 2731 318 2760 last
344 2731 430 2764 time.
456 2731 614 2760 Antonius
637 2734 719 2760 went
734 2741 767 2760 as
784 2731 830 2760 fur
844 2741 877 2760 as

105 2774 215 2805 Narbo
250 2774 281 2802 in
317 2774 427 2809 Gallia,
467 2773 523 2803 but
561 2774 718 2803 returned.
765 2774 810 2803 As
844 2777 876 2803 to

105 2817 225 2851 Narbo,
240 2826 291 2845 see
301 2816 372 2845 Vol.
390 2816 420 2845 ii.
440 2816 547 2845 Iudex.
579 2816 648 2845 The
664 2820 749 2855 story
765 2817 791 2846 is
807 2826 876 2855 pcr-

106 2859 185 2899 haps
201 2862 257 2888 not
280 2862 360 2888 truc.
408 2859 554 2888 Plutarch
573 2858 758 2897 (Antonius,
776 2869 802 2888 c.
823 2858 874 2899 13)

107 2903 177 2933 tells
193 2901 247 2932 the
270 2911 356 2932 same
379 2905 476 2941 story,
503 2901 559 2931 but
585 2901 625 2931 he
651 2911 721 2940 says
745 2901 877 2941 nothing

965 2350 1024 2379 Cui
1048 2349 1142 2388 bono]
1193 2350 1251 2379 Sec
1277 2350 1334 2379 Pro
1363 2351 1433 2379 Sex.
1455 2350 1578 2385 Roscio,
1595 2360 1620 2380 c.
1638 2352 1691 2385 30,

919 2392 980 2421 and
998 2392 1051 2421 the
1067 2395 1206 2421 notc.—⁴
1221 2402 1258 2421 ne
1275 2392 1403 2422 haereas
1416 2393 1435 2421 :'
1460 2403 1511 2422 sec
1535 2393 1603 2422 that
1630 2404 1693 2432 you

919 2435 959 2463 do
984 2438 1039 2464 not
1061 2438 1114 2472 get
1135 2435 1202 2464 into
1218 2445 1235 2463 a
1252 2434 1413 2474 difficulty,
1438 2435 1485 2464 for
1509 2436 1533 2464 it
1558 2436 1583 2464 is
1607 2437 1691 2474 plain

919 2477 988 2506 that
1014 2476 1154 2507 Caesar-'s
1181 2477 1276 2507 death
1297 2487 1359 2507 was
1384 2488 1402 2507 a
1426 2482 1513 2516 great
1541 2479 1635 2517 profit
1659 2484 1692 2508 to

920 2530 992 2559 you.

963 2562 1005 2591 ad
1020 2562 1127 2591 aedem
1148 2562 1239 2601 Opis]
1289 2563 1348 2592 See
1368 2562 1489 2592 Introd.
1537 2567 1544 2579 ⁴
1559 2563 1692 2592 Easdem

921 2605 1045 2634 tabulas
1058 2604 1065 2616 ’
1098 2604 1195 2634 refers
1211 2610 1244 2635 to
1267 2605 1319 2634 the
1336 2605 1476 2635 Tabulae
1492 2606 1522 2635 in
1541 2606 1594 2635 the
1611 2610 1691 2635 tem-

922 2648 972 2687 ple
987 2647 1023 2677 of
1043 2647 1111 2686 Ops
1130 2656 1169 2680 (c.
1188 2648 1310 2686 37).—‘
1323 2648 1407 2677 domi
1423 2648 1442 2677 τ’
1479 2649 1517 2677 l).
1537 2649 1591 2677 has
1616 2652 1622 2664 ¹
1636 2648 1691 2676 do-

923 2689 1069 2719 nius.’——⁴
1087 2690 1245 2720 nundinae
1258 2690 1279 2719 ε’
1315 2692 1368 2720 the
1400 2694 1406 2706 ¹
1426 2691 1585 2720 nundinae
1598 2691 1604 2699 '
1631 2701 1692 2718 was

922 2742 939 2761 a
955 2733 1014 2772 day
1031 2732 1078 2761 sor
1102 2732 1254 2767 business,
1273 2733 1319 2762 for
1343 2733 1461 2772 buying
1483 2734 1544 2762 und
1561 2733 1671 2768 sellim:
1686 2744 1692 2765 ;

920 2775 980 2805 und
1009 2785 1043 2805 so
1076 2775 1275 2805 ‘nundinae'
1308 2776 1381 2805 here
1413 2786 1519 2804 means
1552 2774 1691 2804 *trustief

924 2818 974 2848 lle
991 2828 1061 2856 says
1085 2818 1270 2847 elsewhere:
1301 2821 1319 2834 ‘⁴
1334 2828 1397 2847 una
1420 2819 1449 2847 in
1468 2818 1561 2846 domo
1583 2827 1692 2845 omnes

900 2875 907 2882 =
922 2882 930 2890 .
944 2882 952 2890 .
971 2883 978 2890 .
996 2864 1097 2890 totum
1114 2861 1280 2900 imperium
1298 2861 1406 2900 populi
1428 2860 1559 2890 lhunani
1578 2859 1692 2888 nundi-

920 2903 1111 2933 nabantur.''
