1816 3211
717 201 850 245 CAP.
883 202 1008 243 2—4.
1580 206 1660 247 539

69 316 181 372 quod
202 315 340 371 paullo
361 320 460 356 ante
482 314 744 371 propositum
760 320 838 364 est,
854 320 967 357 certe
984 315 1149 356 silentio
1166 330 1249 356 non
1266 319 1408 369 potest
1429 316 1660 370 praeteriri.

71 381 303 422 Pollicetur
328 380 436 421 enim
457 395 501 421 se
522 380 778 435 provinciam
795 380 973 421 Galliam
994 384 1257 422 retenturum
1278 380 1320 420 in
1342 386 1515 421 senatus
1535 395 1663 436 popu-

67 447 178 501 lique
204 444 382 486 Romani
413 450 636 499 potestate.
699 446 734 486 Ο
769 446 900 487 civem
935 450 1081 487 natum
1108 445 1168 486 rei
1198 445 1401 500 publicae,
1437 460 1663 486 memorem

68 511 133 551 sui
168 510 346 551 nominis
377 510 714 565 imitatoremque
734 510 954 564 majorum.
1018 511 1164 565 Neque
1199 510 1309 551 enim
1338 511 1564 566 Tarquinio
1594 526 1663 552 ex-

67 576 188 630 pulso
209 575 437 630 majoribus
459 575 616 615 nostris
637 580 726 616 tam
756 576 836 617 fuit
868 580 1013 630 optata
1039 575 1211 616 libertas
1243 590 1366 630 quam
1397 581 1463 616 est
1493 576 1663 630 depulso

63 641 154 695 jam
185 640 375 681 Antonio
407 639 626 679 retinenda
652 640 786 681 nobis.
850 639 917 680 Illi
949 640 1119 695 regibus
1150 655 1297 695 parere
1328 641 1416 694 jam
1441 655 1465 681 a
1493 642 1664 683 condita

67 705 170 745 urbe
191 705 446 745 didicerant:
480 718 557 743 nos
585 708 683 758 post
710 719 829 758 reges
861 710 1036 746 exactos
1070 705 1282 746 servitutis
1304 705 1454 747 oblivio
1477 712 1661 761 ceperat.

68 770 213 824 Atque
234 769 301 809 ille
334 768 598 824 Tarquinius,
620 782 744 822 quem
770 769 952 823 majores
973 770 1108 810 nostri
1138 784 1222 810 non
1243 770 1441 820 tulerunt,
1465 785 1549 811 non
1571 786 1662 812 cru-

69 834 183 883 delis,
199 849 281 875 non
297 834 459 889 impius,
475 834 549 874 sed
567 835 771 889 superbus
788 840 853 875 est
866 835 1035 877 habitus
1049 840 1093 877 et
1108 835 1246 876 dictus
1264 853 1273 883 3
1300 836 1409 890 quod
1426 851 1501 876 nos
1514 837 1663 877 vitium

68 900 110 941 in
130 900 305 956 privatis
325 914 449 954 saepe
470 899 652 949 tulimus,
676 899 719 939 id
747 900 928 954 majores
950 900 1083 942 nostri
1104 915 1156 941 ne
1177 900 1219 940 in
1240 915 1339 955 rege
1370 901 1536 955 quidem
1556 901 1663 943 ferre

67 970 312 1021 potuerunt.
376 964 424 1005 L.
442 964 603 1005 Brutus
623 979 764 1019 regem
782 966 1008 1020 superbum
1029 980 1112 1006 non
1132 965 1255 1006 tulit:
1282 965 1337 1006 D.
1355 964 1514 1006 Brutus
1536 965 1665 1006 scele-

66 1036 206 1072 ratum
226 1035 353 1085 atque
375 1029 547 1084 impium
563 1044 738 1084 regnare
759 1030 943 1085 patietur
961 1031 1220 1072 Antonium?
1282 1030 1392 1082 Quid
1415 1030 1664 1085 Tarquinius

67 1095 163 1145 tale,
202 1095 341 1150 qualia
375 1095 694 1135 innumerabilia
728 1100 772 1136 et
806 1095 909 1137 fecit
941 1101 985 1137 et
1016 1095 1118 1136 facit
1154 1095 1400 1136 Antonius?
1461 1095 1662 1137 Senatum

67 1160 195 1202 etiam
215 1174 336 1215 reges
357 1160 593 1207 habebant3
628 1174 705 1200 nec
727 1164 881 1210 tamen,
904 1165 951 1201 ut
974 1159 1162 1201 Antonio
1184 1164 1378 1201 senatum
1403 1160 1596 1211 habente,
1622 1161 1663 1201 in

67 1225 237 1266 consilio
258 1224 370 1279 regis
387 1224 658 1264 versabantur
673 1225 838 1265 barbari
853 1225 1019 1266 armati.
1074 1225 1305 1266 Servabant
1321 1225 1507 1280 auspicia
1527 1241 1660 1281 reges,

68 1305 173 1345 quae
194 1289 262 1330 hic
285 1288 428 1329 consul
449 1303 666 1343 augurque
687 1289 884 1343 neglexit,
908 1304 1041 1344 neque
1063 1290 1197 1330 solum
1218 1289 1379 1343 legibus
1401 1296 1549 1332 contra
1569 1305 1664 1331 aus-

68 1355 178 1410 picia
197 1354 391 1403 ferendis,
415 1353 489 1394 sed
510 1353 638 1394 etiam
660 1353 816 1408 collega
837 1368 919 1394 una
940 1354 1100 1395 ferente
1121 1369 1169 1395 eo
1192 1369 1313 1409 quem
1340 1353 1427 1409 ipse
1449 1355 1662 1397 ementitis

67 1419 265 1474 auspiciis
288 1418 484 1459 vitiosum
507 1418 679 1459 fecerat.
741 1418 844 1470 Quis
871 1423 1012 1460 autem
1041 1434 1113 1459 rex
1142 1433 1339 1473 umquam
1370 1419 1451 1460 suit
1481 1424 1568 1460 tam
1601 1420 1662 1460 in-

67 1484 220 1540 signite
242 1484 458 1539 impudens
489 1488 536 1523 ut
566 1483 740 1524 haberet
761 1483 894 1524 onmia
919 1485 1150 1534 commoda,
1185 1484 1398 1533 beneficia,
1428 1485 1523 1539 jura
1544 1486 1662 1540 regni

67 1549 255 1591 venalia?
316 1549 452 1600 Quam
472 1547 538 1588 hic
561 1547 879 1597 immunitatem,
903 1562 1027 1603 quam
1049 1548 1276 1597 civitatem,
1301 1549 1411 1603 quod
1432 1551 1662 1604 praemium

66 1629 150 1655 non
180 1613 244 1654 vel
271 1612 445 1667 singulis
478 1611 714 1652 hominibus
749 1613 812 1652 vel
838 1612 1079 1654 civitatibus
1110 1614 1174 1654 vel
1204 1614 1406 1655 universis
1441 1615 1663 1668 provinciis

67 1679 282 1721 vendidit?
343 1677 456 1718 Nihil
489 1677 642 1718 humile
675 1677 726 1718 de
761 1676 1001 1732 Tarquinio,
1024 1679 1124 1719 nihil
1156 1679 1367 1720 sordidum
1394 1680 1658 1734 accepimus:

67 1749 114 1785 at
134 1758 231 1785 vero
259 1744 384 1798 hujus
405 1742 516 1783 domi
546 1742 656 1782 inter
683 1742 857 1797 quasilla
889 1743 1150 1797 pendebatur
1179 1758 1339 1794 aurum,
1364 1745 1663 1786 numerabatur

67 1808 268 1865 pecunia;
303 1823 386 1848 una
419 1807 460 1848 in
494 1807 617 1848 domo
650 1822 793 1848 omnes
826 1822 1001 1863 quorum
1033 1808 1237 1850 intererat
1273 1814 1410 1850 totum
1445 1810 1661 1864 imperium

66 1873 206 1929 populi
235 1873 414 1914 Romani
447 1872 801 1913 nundinabantur.
864 1872 1074 1928 Supplicia
1101 1888 1197 1915 vero
1230 1874 1272 1914 in
1303 1875 1413 1915 cives
1448 1875 1662 1915 Romanos

67 1939 181 1979 nulla
204 1938 418 1993 Tarquinii
439 1937 677 1992 accepimus
696 1953 704 1978 :
738 1943 784 1979 at
806 1937 872 1979 hic
894 1945 936 1980 et
970 1938 1150 1980 Suessae
1166 1940 1371 1994 jugulavit
1394 1954 1465 1981 eos
1485 1955 1589 1995 quos
1620 1940 1661 1980 in

68 2002 299 2043 custodiam
321 2002 506 2050 dederat,
525 2008 567 2042 et
589 2002 799 2043 Brundisii
821 2003 875 2043 ad
896 2008 1110 2044 trecentos
1131 2004 1381 2046 fortissimos
1402 2004 1511 2046 viros
1533 2005 1662 2046 cives-

69 2081 148 2122 que
170 2065 352 2121 optimos
373 2065 613 2106 trucidavit.
677 2066 902 2107 Postremo
925 2067 1176 2122 Tarquinius
1198 2084 1273 2123 pro
1295 2070 1446 2124 populo
1470 2070 1661 2111 Romano

68 2132 223 2173 bellum
245 2132 420 2186 gerebat
440 2136 530 2171 tum
553 2145 680 2185 quum
701 2136 766 2173 est
787 2133 1007 2187 expulsus:
1043 2134 1258 2174 Ant-onius
1287 2140 1435 2175 contra
1465 2135 1661 2189 populum

69 2197 306 2237 Romanum
341 2195 573 2236 exercitum
605 2195 842 2237 adducebat
877 2201 967 2238 tum
1002 2212 1129 2252 quum
1164 2213 1189 2238 a.
1221 2198 1454 2253 legionibus
1489 2200 1663 2242 relictus

69 2326 173 2357 sulum
212 2327 445 2366 designatorum
487 2325 612 2361 referre,
651 2336 842 2366 quamquam

69 2372 241 2400 statueram
266 2370 298 2399 in
324 2372 468 2399 senatum
492 2373 565 2399 ante
590 2369 661 2398 Kal.
683 2369 758 2399 Jan.
780 2379 844 2399 non

70 2413 186 2448 venire,
213 2415 319 2442 tamen
347 2422 444 2451 quum
470 2421 507 2441 eo
538 2411 606 2451 ipso
634 2412 683 2441 die
707 2412 843 2441 edictum

70 2456 161 2484 tuum
185 2455 383 2494 propositum
405 2457 497 2490 esset,
517 2455 603 2484 nefas
619 2464 687 2484 esse
704 2454 776 2483 duxi
793 2458 848 2484 aut

70 2497 115 2527 ita
144 2497 251 2527 haberi
282 2500 426 2527 senatum
457 2500 493 2526 ut
523 2497 562 2526 de
586 2497 648 2526 tuis
673 2497 784 2527 divinis
815 2497 846 2527 in

70 2549 136 2569 rem
154 2539 311 2579 publicam
329 2539 447 2568 meritis
460 2539 613 2574 sileretur,
628 2539 710 2578 quod
728 2540 845 2569 fuctum

71 2584 155 2612 esset
181 2582 241 2611 nisi
264 2592 321 2620 ego
346 2582 510 2617 venissem,
531 2587 584 2611 aut
607 2583 701 2611 etium
726 2583 750 2612 si
770 2583 845 2622 quid

71 2624 110 2654 de
126 2627 157 2654 te
173 2624 342 2653 honorifice
358 2624 524 2657 dicoretur,
542 2634 591 2653 mo
616 2634 678 2653 nou
700 2625 843 2655 adesse.'’

73 2667 131 2697 See
147 2667 200 2696 the
217 2667 436 2696 Introduction
453 2671 486 2696 to
503 2667 564 2696 this
581 2667 724 2697 Oratiou.

115 2710 246 2739 barbari
274 2709 409 2748 armati]
469 2709 538 2738 The
567 2709 694 2744 ltux-aci,
723 2710 735 2740 1
768 2721 842 2750 sup-

70 2761 158 2791 pose.
176 2752 278 2781 whom
296 2752 334 2781 hc
351 2752 406 2780 has
424 2752 603 2781 mentioned
622 2753 652 2781 iu
672 2753 749 2782 Phil.
767 2753 843 2782 ii.—

72 2798 79 2812 ¹
94 2795 241 2825 vitiosum
267 2794 412 2824 fereratz’
441 2794 519 2824 l'hil.
544 2795 564 2824 i.
587 2805 612 2824 c.
636 2796 682 2831 13,
706 2796 767 2826 aud
792 2797 845 2827 the

71 2838 198 2876 general
236 2837 468 2867 Introduction.
527 2837 577 2867 lle
609 2847 716 2868 means
748 2839 844 2869 Dolu-

71 2879 160 2910 bella.
209 2880 402 2911 ‘Vitiosum'
424 2880 450 2910 is
473 2879 527 2910 the
550 2890 636 2911 smne
658 2891 692 2911 as
717 2882 845 2913 ‘vitiose

74 2922 236 2953 creatum)

932 2328 1028 2357 Nihil
1057 2328 1176 2358 humile
1202 2328 1240 2358 de
1271 2329 1461 2369 Tarquinio]
1512 2330 1562 2360 Hc
1593 2339 1662 2369 says

887 2369 942 2400 the
967 2380 1052 2400 same
1072 2370 1107 2399 of
1127 2370 1296 2407 Antonius,
1324 2372 1401 2401 Phil.
1420 2373 1439 2402 i.
1457 2382 1484 2402 c.
1505 2373 1553 2408 13,
1570 2372 1661 2402 whcu

888 2412 928 2442 he
958 2412 1019 2442 had
1054 2413 1117 2442 still
1153 2423 1240 2444 some
1276 2414 1374 2454 hopes
1412 2415 1448 2445 of
1475 2416 1600 2456 coming
1630 2419 1663 2446 to

892 2459 988 2485 terms
1005 2455 1080 2485 with
1097 2456 1173 2486 him.

936 2499 1088 2538 quasilla]
1136 2499 1178 2528 V¹
1196 2509 1215 2529 a
1230 2502 1253 2529 t.
1291 2500 1370 2530 This
1391 2500 1417 2530 is
1433 2502 1604 2531 confirmed
1621 2501 1662 2540 by

892 2540 1028 2576 Servius,
1052 2541 1102 2571 Ad
1129 2541 1216 2581 Virg.
1249 2542 1356 2582 Eclog.
1389 2544 1420 2574 ii.
1448 2547 1509 2575 45:
1545 2545 1662 2574 “Sanc

891 2584 1038 2613 calathus
1068 2584 1221 2614 Graccum
1247 2589 1312 2615 cst:
1348 2597 1418 2616 nam
1447 2587 1560 2617 Latine
1585 2598 1660 2628 qun-

890 2626 993 2656 sillum
1017 2627 1142 2657 dicitur.
1189 2628 1298 2658 Cicero
1322 2629 1353 2658 in
1375 2629 1509 2669 Philipp.
1527 2631 1593 2660 iii.:
1618 2632 1661 2660 At

888 2678 960 2699 vero
977 2669 1070 2706 huius
1082 2670 1166 2700 domi
1183 2671 1264 2701 iuter
1277 2673 1406 2712 quasilla
1422 2673 1661 2712 appendebatur

888 2711 1026 2741 nurum''
1055 2712 1118 2752 (cd.
1147 2714 1305 2753 Musvic.).
1353 2719 1360 2732 ⁴
1377 2715 1569 2748 Qunsilhun'
1595 2717 1620 2745 is
1643 2726 1660 2744 u

888 2754 1073 2785 diminutive
1089 2756 1125 2785 of
1145 2760 1152 2773 ¹
1165 2758 1300 2796 qualuss
1346 2758 1423 2788 This
1440 2758 1581 2788 business
1598 2769 1659 2787 was

889 2797 970 2827 done
999 2808 1114 2838 among
1143 2800 1198 2830 the
1229 2801 1380 2830 womcn's
1407 2801 1490 2830 work
1524 2801 1658 2833 baskcts.

890 2840 942 2869 ‘in
973 2842 1151 2880 gynaeceo‚'
1179 2853 1212 2872 as
1244 2843 1283 2873 he
1309 2854 1379 2883 says
1403 2844 1434 2873 in
1460 2844 1513 2873 the
1538 2843 1658 2872 Second

890 2882 1412 2923 Philippic.—-‘nundinabanturz'
1448 2897 1498 2916 scu
1525 2886 1602 2915 Phil.
1627 2886 1658 2915 ii.

888 2937 914 2956 e.
938 2927 982 2956 Η.
