1816 3211
98 177 180 217 122
412 173 591 216 ORAT.
626 171 746 213 PRO
781 172 829 213 L.
859 169 1171 213 CORNELIO
1205 168 1406 209 BALBO

95 288 310 344 probetur,
333 301 470 341 poena
497 290 732 341 quaeratur,
756 284 799 324 in
832 282 1035 337 Pompeio
1068 295 1218 322 caussa
1248 280 1449 331 laedatur,
1473 293 1608 334 poena
1637 280 1694 321 sit

97 352 221 392 nulla.
285 351 354 391 Sic
389 351 554 399 famam,
587 350 648 391 sic
680 346 1009 389 innocentissimi
1038 345 1216 386 hominis
1245 345 1448 393 fortunas,
1477 349 1694 399 praestan-

97 416 247 458 tissimi
277 415 540 470 imperatoris
570 415 727 454 factum
760 410 1027 452 condemnari
1057 410 1213 450 volunt.
1275 409 1390 463 Ergo
1423 408 1466 449 in
1491 409 1696 463 judicium

98 486 227 535 caput
249 480 439 526 Cornelii,
458 479 615 519 factum
638 475 830 530 Pompeii
847 479 1035 515 vocatur.
1099 473 1227 514 Hunc
1249 473 1359 513 enim
1380 472 1422 513 in
1439 487 1488 514 ea
1509 473 1692 524 civitate,

98 545 140 585 in
176 559 256 600 qua
288 544 342 584 sit
384 549 519 589 natus,
557 540 850 581 honestissimo
889 539 980 579 loco
1017 542 1164 578 natum
1199 551 1291 578 esse
1332 537 1540 586 concedis,
1564 542 1608 578 et
1642 538 1696 577 ab

98 610 268 650 ineunte
289 612 428 648 aetate
455 605 612 647 relictis
641 605 767 645 rebus
799 603 884 644 suis
912 602 1104 643 omnibus
1136 602 1178 642 in
1206 602 1361 642 nostris
1388 602 1518 652 bellis,
1542 601 1698 642 nostris

100 689 193 714 cum
211 671 530 726 imperatoribus
552 683 642 710 esse
659 673 881 717 versatum,
900 667 1052 707 nullius
1072 666 1238 714 laboris,
1256 666 1408 707 nullius
1428 666 1695 716 obsessionis,

98 737 250 777 nullius
271 735 411 790 praelii
434 739 651 789 expertem
672 733 813 773 fuisse.
861 732 982 772 Haec
999 735 1099 771 sunt
1116 730 1254 771 omnia
1271 745 1400 785 quum
1416 731 1537 786 plena
1551 730 1697 777 laudis,

99 806 189 843 tum
224 800 391 855 propria
425 798 632 845 Cornelii;
677 812 753 838 nec
786 797 828 837 in
858 796 924 836 his
955 795 1080 835 rebus
1114 795 1271 835 crimen
1307 800 1372 836 est
1406 795 1548 835 ullum.
1610 794 1706 834 Ubi*

100 866 228 920 igitur
259 869 324 905 est
354 863 510 904 crimen
523 862 719 914 i—Quod
741 876 836 902 eum
859 861 1087 915 Pompeius
1115 860 1286 901 civitate
1308 859 1699 914 donavit—Hujus

102 931 285 971 crimen?
329 928 528 968 Minime:
561 927 641 967 nisi
662 927 797 967 honos
813 926 1039 982 ignominia
1059 926 1244 980 putanda
1267 930 1345 966 est.
1392 925 1524 980 Cujus
1545 925 1700 980 igitur?

102 994 166 1034 Re
188 1008 285 1034 vera
306 992 480 1033 nullius:
515 991 680 1032 actione
710 990 981 1039 accusatoris,
1005 990 1095 1044 ejus
1126 990 1248 1030 unius
1271 990 1341 1045 qui
1373 990 1555 1031 donavit.
1619 989 1701 1041 Qui

102 1060 137 1100 si
157 1060 365 1100 adductus
385 1056 522 1112 gratia
551 1056 690 1097 minus
721 1056 914 1096 idoneum
939 1055 1149 1095 hominem
1175 1055 1360 1109 praemio
1388 1055 1608 1104 affecisset,
1632 1053 1702 1108 qui

102 1124 229 1165 etiam
262 1123 296 1164 si
325 1123 456 1163 virum
489 1122 656 1170 bonum,
689 1121 763 1161 sed
794 1134 879 1160 non
908 1119 969 1160 ita
1001 1119 1225 1166 merit-um;
1272 1118 1307 1159 si
1341 1119 1517 1174 denique
1545 1117 1702 1172 aliquid

109 1188 256 1243 [quod]
293 1202 375 1228 non
406 1191 554 1228 contra
585 1201 636 1227 ac
668 1185 815 1226 liceret
841 1185 1002 1225 factum
1031 1184 1253 1232 diceretur,
1286 1184 1360 1224 sed
1393 1189 1540 1223 contra
1574 1187 1702 1237 atque

102 1257 329 1307 oporteret,
353 1257 495 1293 tamen
517 1255 629 1292 esset
650 1250 784 1290 omnis
809 1249 1014 1304 ejusmodi
1035 1248 1301 1302 reprehensio
1329 1262 1354 1288 a
1374 1248 1504 1297 vobis,
1524 1247 1701 1302 judices,

102 1317 371 1371 repudianda.
432 1315 554 1356 Nunc
582 1329 679 1356 vero
712 1314 811 1369 quid
844 1313 1008 1362 dicitur,
1042 1313 1141 1367 quid
1171 1313 1233 1353 ait
1264 1312 1512 1353 accusator?
1554 1311 1703 1352 fecisse

105 1381 352 1436 Pompeium
373 1381 483 1434 quod
504 1380 541 1420 ei
562 1380 701 1420 facere
732 1393 815 1418 non
845 1377 1033 1419 licuerit:
1070 1378 1181 1431 quod
1212 1377 1382 1431 gravius
1410 1381 1488 1424 est,
1516 1391 1641 1431 quam
1667 1376 1704 1417 si

103 1446 145 1486 id
169 1446 327 1486 factum
357 1445 410 1485 ab
443 1459 491 1485 eo
517 1444 678 1485 diceret
706 1443 818 1498 quod
850 1457 934 1483 non
967 1442 1235 1497 oportuisset.
1298 1442 1381 1483 Est
1411 1441 1521 1482 enim
1550 1441 1705 1495 aliquid

103 1511 214 1565 quod
246 1524 329 1550 non
360 1514 570 1564 oporteat,
593 1508 721 1549 etiam
752 1507 787 1548 si
817 1507 929 1548 licet.
992 1506 1202 1561 Quidquid
1223 1521 1320 1547 vero
1342 1521 1425 1547 non
1454 1506 1565 1556 licet,
1589 1510 1704 1547 certe

103 1590 187 1616 non
208 1578 390 1629 oportet.

127 1669 129 1671 f
164 1639 247 1679 IV.
280 1638 366 1678 Hic
389 1652 466 1692 ego
488 1651 596 1677 nunc
619 1640 795 1677 cuncter
827 1636 850 1658 ³¹²
885 1636 908 1658 '⁸‘
943 1635 966 1657 *ἓ
1000 1635 1109 1687 Quid
1131 1634 1241 1675 enim
1270 1635 1393 1675 abest
1413 1634 1509 1675 huic
1530 1633 1700 1685 homini,

106 1703 216 1758 quod
236 1702 271 1742 si
292 1702 470 1751 adesset,
491 1702 585 1755 jure
607 1700 711 1740 haec
733 1699 770 1740 ei
792 1699 919 1740 tribui
942 1704 985 1740 et
1007 1699 1179 1739 concedi
1200 1701 1470 1754 putaremus?
1532 1698 1704 1739 Ususne

106 1767 271 1808 rerum?
302 1766 371 1820 qui
392 1765 592 1820 pueritiae
613 1768 779 1818 tempus
799 1769 1035 1805 extremum
1055 1763 1304 1818 principium
1333 1764 1481 1805 habuit
1501 1764 1706 1805 bellorum

107 1836 235 1885 atque
256 1829 520 1884 imperiorum
539 1828 840 1869 maximorum?
871 1829 991 1883 cujus
1008 1828 1194 1883 plerique
1210 1828 1404 1883 aequales
1421 1828 1559 1869 minus
1578 1843 1704 1884 saepe

108 1975 168 2004 but
193 1974 246 2004 the
271 1974 400 2013 penalty
426 1974 452 2003 is
478 1983 570 2004 none.
626 1973 695 2003 The
725 1973 884 2013 emphatic

109 2017 193 2047 word
220 2020 227 2033 ⁴
239 2017 326 2046 nulla
339 2016 346 2029 ’
377 2016 455 2046 ends
485 2017 540 2046 the
564 2019 722 2046 sentence.
777 2017 884 2046 Baiter

109 2060 229 2089 follows
245 2059 355 2094 Orelli,
372 2059 441 2088 who
466 2059 522 2088 has
548 2059 654 2088 ‘nulla
677 2059 737 2088 nisi
759 2059 882 2088 famae:

110 2103 154 2131 sic
170 2101 440 2131 innocentissimi)
466 2101 503 2130 E.
517 2101 573 2130 has
587 2102 687 2130 ‘nulla
700 2102 725 2130 si
737 2101 883 2137 famam3'

109 2144 211 2173 which
227 2154 327 2173 seems
342 2148 375 2173 to
392 2144 430 2172 be
445 2144 500 2173 the
515 2144 589 2182 only
601 2144 759 2183 authority
772 2144 821 2173 for
831 2144 885 2173 the

109 2187 239 2224 reading
255 2189 262 2203 ‘
277 2186 327 2215 Sic
342 2186 481 2215 famam.'
530 2186 561 2215 It
576 2187 601 2215 is
618 2196 651 2215 as
668 2196 740 2225 easy
751 2190 783 2215 to
796 2187 885 2216 write

111 2232 119 2245 ⁴
131 2229 187 2258 sic'
204 2229 253 2258 for
269 2231 276 2244 ⁴
291 2228 317 2257 si
328 2228 335 2241 '
360 2238 394 2257 as
410 2232 442 2256 to
459 2228 551 2257 make
568 2232 574 2244 ⁴
587 2229 647 2258 nisi
660 2228 667 2241 ’
693 2233 748 2258 out
761 2229 796 2258 of
817 2232 824 2245 ‘
836 2229 884 2263 si,'

111 2270 173 2300 and
188 2271 243 2300 the
259 2274 407 2300 sentence
422 2270 522 2308 ought
538 2274 571 2299 to
587 2270 647 2299 end
663 2271 740 2300 with
757 2270 885 2301 ‘nulla.’

927 1974 1007 2003 have
1022 1973 1103 2012 legal
1115 1983 1220 2013 power
1231 1976 1264 2003 to
1277 1973 1317 2003 do
1329 1983 1369 2003 an
1381 1976 1441 2010 aet,
1452 1974 1515 2004 and
1525 1976 1578 2014 yet
1592 1974 1618 2004 it
1633 1984 1706 2014 may

929 2016 968 2046 be
983 2017 1129 2045 immoral
1153 2020 1186 2046 to
1202 2017 1242 2046 do
1267 2016 1323 2046 the
1346 2020 1407 2051 act,
1424 2016 1472 2046 for
1494 2027 1513 2046 a
1535 2027 1610 2046 man
1633 2027 1706 2056 may

928 2059 1021 2088 make
1050 2069 1089 2088 an
1116 2059 1262 2089 immoral
1291 2069 1347 2089 use
1377 2058 1412 2088 of
1435 2069 1454 2088 a
1479 2059 1559 2098 legal
1589 2069 1704 2099 power.

931 2104 950 2118 ‘⁴
967 2101 1130 2141 Quidquid
1146 2111 1210 2130 non
1226 2106 1362 2141 oportet,
1386 2102 1486 2131 scelus
1502 2112 1589 2138 esse3
1613 2103 1706 2141 quid-

930 2144 1005 2183 quid
1018 2154 1081 2173 non
1098 2144 1181 2179 licet,
1194 2145 1282 2173 nefas
1298 2148 1409 2183 putare
1421 2144 1571 2174 debemus
1586 2143 1606 2158 ’'
1630 2144 1705 2183 (Pa-

929 2187 1045 2216 radoxa
1060 2186 1121 2226 ii.).
1168 2186 1277 2216 Cicero
1292 2187 1358 2216 also
1374 2186 1516 2225 explains
1533 2189 1540 2203 ‘
1552 2187 1626 2216 licet
1639 2187 1647 2200 '
1671 2187 1706 2216 in

931 2229 1064 2258 another
1079 2230 1167 2268 place
1185 2228 1336 2268 (Philipp.
1352 2228 1445 2268 xiii.).

975 2273 1004 2301 4.
1030 2271 1177 2310 cuncter]
1204 2271 1297 2301 After
1321 2271 1384 2300 this
1411 2270 1496 2300 word
1519 2271 1608 2301 there
1629 2271 1706 2301 isin

111 2316 163 2335 —‘
179 2313 219 2342 sit
234 2316 326 2341 natus
339 2312 358 2341 τ’
376 2312 424 2347 C„
443 2316 450 2329 ‘
463 2317 510 2341 est
526 2313 641 2347 natus,'
660 2313 776 2342 Baiter.

156 2355 206 2384 his
229 2354 337 2392 rebus]
375 2354 431 2383 ‘iis
444 2354 451 2367 ’
476 2355 510 2384 P.
525 2354 563 2384 G.
582 2355 888 2385 Baiter.—‘acti0ne

113 2397 303 2427 accusatoris
317 2396 336 2425 :’
360 2399 367 2412 ‘
381 2406 414 2425 as
424 2396 478 2426 the
494 2401 675 2435 prosecutor
688 2398 855 2427 maintains
867 2398 886 2434 ;’

113 2449 149 2469 or
175 2440 201 2468 it
227 2449 298 2477 may
315 2448 406 2467 mean
434 2439 495 2477 ‘by
510 2439 564 2468 the
580 2439 641 2469 fact
663 2439 725 2468 and
748 2440 829 2469 form
857 2440 892 2470 of

112 2482 166 2512 the
193 2480 381 2520 proceeding
401 2480 426 2510 it
448 2481 474 2510 is
495 2481 586 2511 made
606 2491 624 2510 a
640 2482 752 2520 charge
767 2483 889 2521 against

114 2522 306 2562 Pompeius.'

158 2567 212 2603 qui
237 2566 333 2594 etiam
355 2564 400 2603 si]
430 2565 525 2603 ‘quin
551 2565 645 2594 etiam
673 2565 720 2601 si,'
745 2566 885 2605 Madvig,

114 2607 410 2646 Baiter.—‘aliquid
428 2607 543 2646 [quod]
561 2607 583 2635 2'
602 2607 637 2637 C.
655 2608 768 2647 ‘quod'
785 2619 886 2639 seems

114 2654 148 2680 to
158 2650 237 2679 have
252 2649 333 2678 been
350 2649 537 2688 incorrectly
549 2650 761 2688 repeated.—‘
776 2655 886 2681 contra

114 2692 181 2722 ac:’
207 2701 258 2721 see
274 2691 362 2721 Verr.
380 2692 410 2720 ii.
428 2692 459 2725 4,
476 2702 502 2720 c.
521 2693 550 2726 6,
566 2692 628 2720 and
644 2693 699 2721 the
714 2696 798 2722 nole.

159 2736 234 2764 licet
251 2757 258 2764 .
276 2756 283 2763 .
303 2756 309 2763 .
328 2733 469 2772 oportet]
496 2733 564 2763 The
590 2734 683 2763 ‘licet
695 2734 702 2746 ’
726 2735 751 2764 is
767 2745 786 2764 a
807 2735 886 2773 legal

114 2787 220 2817 power
243 2778 277 2805 to
302 2776 342 2805 do
366 2786 407 2805 an
431 2779 491 2805 act.
550 2776 582 2805 If
606 2786 624 2805 a
649 2786 722 2805 man
745 2777 800 2806 has
833 2782 889 2807 not

115 2820 178 2850 this
193 2828 307 2858 power,
324 2818 365 2848 he
380 2819 480 2857 ought
494 2821 551 2848 not
565 2821 598 2848 to
615 2818 655 2847 do
678 2818 732 2848 the
753 2822 823 2848 act:
850 2820 890 2849 he

116 2862 191 2892 does
206 2871 247 2891 an
262 2860 408 2891 immoral
423 2863 473 2891 act
488 2861 515 2890 if
527 2861 567 2890 he
582 2861 657 2890 does
669 2861 704 2891 it.
750 2861 802 2890 He
818 2871 890 2901 may

930 2313 965 2343 P.
982 2324 1000 2343 a
1015 2314 1128 2343 lacuna
1149 2313 1183 2343 of
1201 2314 1271 2343 four
1293 2313 1382 2347 lines,
1399 2313 1500 2342 which
1519 2314 1545 2343 is
1561 2314 1645 2343 filled
1662 2323 1704 2352 up

932 2356 965 2385 in
978 2357 1032 2386 P2.
1045 2356 1083 2386 G.
1099 2356 1148 2391 E.‚
1167 2358 1174 2372 ¹
1183 2359 1190 2372 ‘
1200 2365 1303 2395 neque
1315 2356 1407 2395 plene
1419 2366 1523 2396 neque
1535 2356 1706 2395 probabili-

932 2397 1016 2434 ter‚'’
1032 2408 1065 2427 as
1079 2398 1186 2428 Baiter
1201 2408 1282 2437 sayS.

977 2441 1052 2470 huie
1065 2440 1201 2479 homini]
1223 2440 1281 2470 Cn.
1296 2440 1566 2479 Pompeius—‘ei
1577 2440 1673 2470 tribui
1684 2440 1704 2471 :'

934 2485 941 2500 ‘
956 2486 988 2512 et
1003 2482 1100 2512 tribui
1113 2481 1121 2495 '
1146 2483 1183 2512 C.
1230 2486 1237 2499 ‘
1252 2482 1292 2512 Ei
1305 2482 1312 2496 ’
1338 2483 1364 2512 is
1384 2483 1440 2513 the
1457 2483 1658 2513 emendation
1673 2483 1710 2513 of

932 2524 1107 2554 Lambinus
1125 2524 1272 2564 (Baiter).

979 2568 1099 2597 Ususne
1111 2567 1235 2606 rerum]
1258 2567 1309 2596 He
1324 2567 1350 2597 is
1366 2567 1522 2607 sounding
1535 2567 1590 2597 the
1604 2570 1705 2597 trum-

930 2613 985 2648 pet
1000 2609 1048 2639 for
1064 2609 1122 2639 Cn.
1138 2610 1316 2648 Pompeius.
1364 2610 1432 2639 Itis
1448 2610 1502 2639 the
1514 2619 1600 2640 same
1614 2610 1707 2649 thing

930 2652 999 2681 that
1016 2652 1054 2681 he
1070 2652 1127 2681 has
1148 2652 1214 2681 said
1231 2652 1337 2682 before
1355 2652 1419 2692 (De
1436 2652 1518 2691 Imp.
1536 2652 1594 2682 Cn.
1614 2652 1706 2681 Pom-

931 2694 1021 2733 peii).
1075 2694 1145 2723 The
1175 2695 1312 2733 military
1342 2704 1446 2723 career
1475 2694 1511 2723 of
1539 2694 1706 2730 Pompeius

930 2736 1032 2774 began
1048 2737 1138 2766 when
1154 2736 1194 2766 he
1210 2747 1271 2766 was
1287 2736 1571 2774 two-and-twenty.
1596 2736 1706 2766 Cicero

932 2779 994 2807 had
1024 2789 1094 2807 now
1124 2789 1192 2808 new
1216 2789 1342 2809 reasons
1368 2779 1417 2808 for
1441 2779 1489 2808 his
1517 2779 1706 2808 laudations.

935 2821 1102 2859 Pompeius
1114 2821 1175 2850 had
1192 2821 1283 2851 aided
1295 2821 1407 2851 himin
1418 2821 1472 2851 the
1484 2824 1598 2851 matter
1610 2821 1646 2851 of
1657 2821 1707 2851 his

932 2864 1119 2893 restoration
1135 2863 1216 2893 from
1231 2864 1320 2893 exile.
