1816 3211
77 176 160 217 268
496 174 673 217 ORAT.
708 175 829 216 PRO
863 173 953 216 CN.
987 170 1259 214 PLANCIO

76 294 214 332 torem
227 289 363 344 ipsum
376 289 435 330 rei
449 289 639 344 publicae
658 306 668 337 ;
696 287 901 329 Calidium
917 285 1124 341 adjungis,
1148 285 1268 339 cujus
1287 284 1379 340 lege
1402 285 1451 337 Q.
1471 283 1672 325 Metellus

76 355 119 396 in
141 355 356 396 civitatem
386 354 443 395 sit
478 354 734 399 restitutus;
769 351 1042 406 reprehendis
1071 364 1186 391 meas
1216 363 1291 404 pro
1316 348 1488 390 Plancio
1510 363 1671 404 preces,

80 421 191 476 quod
213 435 289 461 nec
312 419 502 474 Opimius
524 433 599 458 suo
622 417 787 457 nomine
808 417 1010 457 liberatus
1044 416 1101 457 sit
1123 429 1258 469 neque
1283 414 1447 454 Metelli
1471 414 1671 455 Calidius,

80 486 272 526 XXIX.
305 485 370 525 De
394 484 552 524 Calidio
575 482 651 523 tibi
673 487 840 522 tantum
861 481 1095 535 respondeo
1118 480 1230 535 quod
1251 479 1339 533 ipse
1361 479 1443 519 vidi
1463 497 1470 521 :
1508 480 1557 531 Q.
1583 479 1674 519 Me-

79 552 225 594 tellum
248 551 372 590 Pium
394 549 605 590 consulem
626 547 847 603 praetoriis
869 546 1050 587 comitiis
1070 550 1240 601 petente
1264 544 1315 596 Q.
1339 544 1500 585 Calidio
1522 544 1673 600 populo

80 617 271 657 Romano
293 614 565 670 supplicasse,
589 628 717 669 quum
733 613 901 668 quidem
914 626 998 652 non
1020 611 1236 652 dubitaret
1257 615 1301 651 et
1321 610 1465 651 consul
1487 614 1530 651 et
1551 610 1675 650 homo

79 680 363 722 nobilissimus
395 684 621 735 patronum
653 693 746 719 esse
786 678 901 718 illum
937 692 1060 718 suum
1093 681 1137 718 et
1172 675 1353 717 familiae
1393 674 1676 716 nobilissimae

81 746 232 787 dicere.
295 745 387 798 Quo
422 745 514 786 loco
548 758 702 799 quaero
739 758 791 784 ex
826 747 881 793 te,
904 758 1003 783 num
1033 742 1075 783 id
1106 741 1148 782 in
1174 741 1335 796 judicio
1368 739 1518 782 Calidii
1539 744 1674 795 putes,

81 811 193 866 quod
214 825 292 866 ego
313 810 355 851 in
377 810 539 850 Plancii
560 809 680 858 facio,
699 814 774 850 aut
799 808 1021 849 Metellum
1045 807 1180 858 Pium,
1205 806 1241 847 si
1263 806 1424 847 Romae
1445 820 1536 847 esse
1556 810 1678 860 potu-

81 877 196 926 isset,
239 880 313 916 aut
352 879 516 930 patrem
546 871 644 929 'ejus
677 874 712 915 si
744 873 930 922 vixisset,
972 888 1056 914 non
1095 872 1223 913 fuisse
1264 871 1487 913 facturum.
1569 870 1680 910 Nam

83 941 238 997 Opimii
260 940 427 995 quidem
441 940 659 981 calamitas
675 939 836 981 utinam
851 954 902 980 ex
915 938 1129 979 hominum
1145 937 1348 978 memoria
1363 941 1511 991 posset
1532 935 1648 977 evelli
1665 937 1673 975 Ζ

84 1007 252 1047 Vulnus
272 1006 372 1046 illud
402 1005 461 1046 rei
493 1005 697 1060 publicae,
722 1005 904 1045 dedecus
937 1004 1063 1058 hujus
1095 1002 1267 1057 imperii,
1291 1002 1512 1057 turpitudo
1537 999 1679 1056 populi

83 1072 277 1121 Romani,
299 1086 382 1112 non
408 1071 613 1125 judicium
644 1071 878 1125 putandum
908 1075 988 1110 est.
1052 1067 1190 1119 Quam
1221 1067 1329 1107 enim
1360 1067 1417 1107 illi
1443 1067 1620 1121 judices,
1645 1065 1680 1106 si

79 1137 254 1192 judices,
279 1141 322 1177 et
342 1150 425 1176 non
446 1135 678 1190 parricidae
700 1135 862 1190 patriae
883 1132 1125 1174 nominandi
1147 1137 1256 1179 sunt,
1280 1131 1512 1186 graviorem
1533 1136 1679 1186 potue-

83 1207 183 1243 runt
214 1201 273 1242 rei
308 1200 499 1255 publicae
534 1199 720 1253 infligere
753 1198 932 1240 securim
966 1211 1103 1252 quam,
1141 1211 1269 1250 quum
1304 1196 1419 1235 illum
1452 1210 1474 1235 e
1509 1195 1680 1236 civitate

84 1268 310 1321 ejecerunt,
335 1266 405 1320 qui
426 1270 596 1319 praetor
611 1263 801 1313 finitimo,
822 1262 966 1304 consul
987 1261 1217 1302 domestico
1234 1261 1341 1301 bello
1363 1275 1451 1301 rem
1471 1260 1682 1315 publicam

83 1331 312 1372 liberarat?
373 1329 437 1370 At
458 1343 535 1383 ego
569 1328 690 1369 nimis
711 1343 911 1383 magnum
942 1326 1193 1368 beneficium
1225 1324 1389 1366 Plancii
1409 1325 1529 1375 facio,
1554 1329 1607 1375 et,
1631 1329 1681 1366 ut

84 1397 156 1448 ais,
181 1396 220 1437 id
244 1394 382 1437 verbis
404 1408 642 1449 exaggero;
677 1393 796 1448 quasi
831 1407 929 1434 vero
961 1406 1028 1433 me
1064 1396 1140 1432 tuo
1171 1391 1380 1432 arbitratu
1410 1395 1455 1432 et
1484 1405 1568 1430 non
1589 1404 1682 1431 meo

84 1467 254 1518 gratum
286 1475 377 1501 esse
411 1459 806 1515 oporteat.—Quod
838 1457 959 1499 istius
989 1461 1157 1498 tantum
1187 1456 1397 1506 meritum,
1431 1455 1597 1510 inquit?
1628 1469 1683 1495 an

84 1527 181 1583 quia
202 1532 245 1568 te
278 1541 362 1567 non
393 1523 826 1580 jugulavitZ—-Immo
847 1538 957 1572 vero,
983 1522 1079 1578 quia
1104 1521 1289 1577 jugulari
1320 1535 1469 1576 passus
1499 1535 1583 1561 non
1604 1525 1682 1562 est.

86 1593 179 1645 Quo
201 1591 368 1648 quidem
389 1597 437 1632 tu
458 1590 561 1639 loco,
587 1588 719 1639 Cassi,
743 1588 871 1630 etiam
899 1587 1092 1644 purgasti
1125 1587 1313 1628 inimicos
1334 1600 1460 1634 meos,
1483 1600 1683 1640 meaeque

84 1659 194 1699 vitae
215 1657 348 1698 nullas
368 1656 421 1697 ab
452 1654 532 1696 illis
562 1654 733 1695 insidias
762 1654 890 1694 fuisse
921 1652 1080 1693 dixisti.
1142 1651 1294 1693 Posuit
1324 1652 1403 1692 hoc
1425 1651 1534 1691 idem
1558 1650 1684 1691 Late-

85 1723 231 1764 rensis.
294 1721 576 1774 Quamobrem
590 1720 641 1760 de
662 1719 745 1759 isto
766 1718 904 1773 paullo
922 1723 1019 1772 post
1040 1717 1161 1772 plura
1183 1716 1343 1758 dicam:
1380 1716 1430 1757 de
1451 1721 1495 1757 te
1516 1720 1685 1756 tantum

85 1788 271 1843 requiro,
299 1793 441 1827 utrum
473 1790 599 1841 putes
640 1783 780 1825 odium
808 1783 851 1823 in
881 1797 947 1823 me
967 1782 1176 1822 mediocre
1207 1781 1467 1822 inimicorum
1499 1780 1686 1821 fuisse—-

87 1853 199 1908 quod
219 1852 298 1893 fuit
319 1851 497 1892 ullorum
518 1864 714 1904 umquam
734 1849 1008 1889 barbarorum
1029 1852 1117 1888 tam
1138 1846 1318 1886 immane
1339 1860 1387 1886 ac
1408 1851 1498 1887 tam
1519 1845 1685 1887 crudele

87 1918 129 1959 in
150 1919 315 1958 hostem
328 1918 453 1958 3—an
474 1915 601 1955 fuisse
622 1914 664 1955 in
685 1913 735 1954 iis
756 1913 935 1968 aliquem
965 1916 1040 1953 aut
1071 1912 1206 1952 famae
1226 1916 1388 1952 metum
1414 1916 1489 1952 aut
1510 1925 1682 1966 poenae,

89 1997 264 2039 quorum
284 1981 426 2022 vidisti
447 1985 539 2022 toto
562 1980 629 2020 illo
663 1994 772 2020 anno
794 1978 950 2019 ferrum
981 1977 1022 2018 in
1052 1977 1156 2024 foro,
1177 1977 1387 2016 flammam
1417 1975 1459 2016 in
1490 1975 1684 2025 delubris,

89 2048 172 2090 vim
192 2048 233 2088 in
255 2051 347 2089 tota
378 2047 481 2087 urbe
517 2044 702 2087 versari?
763 2043 855 2084 Nisi
886 2043 997 2084 forte
1032 2042 1248 2083 existimas
1282 2056 1354 2083 eos
1384 2040 1540 2081 idcirco
1576 2040 1686 2081 vitae

89 2128 207 2154 meae
228 2112 478 2168 pepercisse,
496 2111 607 2166 quod
628 2111 679 2151 de
700 2109 841 2151 reditu
861 2122 954 2148 meo
975 2107 1076 2147 nihil
1096 2107 1307 2147 timerent.
1355 2106 1415 2147 Et
1435 2119 1687 2160 quemquam

90 2185 216 2234 putas
237 2179 363 2219 fuisse
383 2182 473 2218 tam
494 2175 729 2223 excordem,
754 2174 823 2229 qui
845 2173 947 2214 vivis
977 2172 1042 2212 his
1073 2177 1213 2213 stante
1234 2171 1336 2212 urbe
1368 2175 1412 2212 et
1433 2170 1549 2211 curia
1579 2169 1686 2210 redi-

91 2251 233 2285 turum
253 2257 320 2283 me
341 2242 375 2282 si
395 2241 574 2282 viverem
594 2254 678 2280 non
700 2238 901 2294 putaret?
962 2237 1242 2290 Quamobrem
1255 2251 1339 2277 non
1360 2236 1487 2277 debes
1507 2235 1543 2276 is
1563 2235 1687 2276 homo

93 2314 137 2349 et
157 2308 193 2348 is
214 2307 315 2348 civis
335 2305 576 2361 praedicare
598 2304 729 2346 vitam
749 2318 897 2353 meam,
923 2317 1028 2357 quae
1050 2302 1254 2343 fidelitate
1274 2300 1505 2343 amicorum
1524 2314 1688 2342 conser-

93 2377 191 2414 vata
211 2372 280 2421 sit,
299 2370 560 2411 inimicorum
580 2368 787 2410 modestia
807 2382 890 2408 non
911 2381 1004 2408 esse
1025 2366 1271 2422 appetitam.

138 2485 190 2514 29.
213 2482 326 2521 Pium]
374 2481 443 2511 The
469 2490 525 2510 son
541 2479 575 2510 of
588 2480 739 2510 Metellus
754 2479 870 2509 Numi·
916 2479 955 2509 In
970 2478 1019 2509 his
1036 2479 1218 2518 consulship
1242 2478 1283 2508 he
1305 2477 1439 2508 crushed
1454 2477 1583 2508 Fulvius
1598 2476 1689 2507 Flac-

96 2527 194 2557 dicus.
241 2525 300 2555 See
327 2524 438 2559 Index,
473 2524 544 2553 Vol.
572 2523 669 2552 iii.—‘
685 2532 752 2552 esse
781 2523 870 2552 illum
915 2532 969 2552 cus
986 2522 1048 2552 and
1064 2522 1100 2553 C.
1119 2522 1290 2557 Gracchus,
1308 2530 1373 2551 13.c.
1393 2522 1463 2551 121.

97 2579 189 2600 suum
208 2568 226 2598 :’
255 2567 293 2597 T.
311 2567 361 2602 Ε.,
385 2567 515 2603 Baiter3
551 2566 662 2595 ‘illum
693 2570 725 2596 et
755 2565 870 2601 suum,’
958 2566 1005 2595 At
1038 2575 1093 2603 eqo
1119 2565 1230 2604 nimis]
1278 2564 1329 2599 T„
1353 2564 1468 2594 Baiter.
1515 2566 1522 2580 ‘
1537 2562 1582 2593 At
1603 2563 1688 2592 enim

96 2611 251 2645 Wunder,
268 2610 416 2648 omitting
431 2609 539 2639 ‘esse'
916 2608 1009 2638 nimis
1032 2607 1113 2647 eg0,’
1132 2608 1182 2644 Ε.,
1205 2606 1557 2645 Wunder.—‘jugulari
1578 2615 1688 2645 passus

140 2656 261 2685 Romae
278 2663 341 2683 esse
357 2652 532 2691 potuisset]
582 2651 634 2681 He
655 2661 717 2680 was
736 2660 869 2690 procon-
915 2661 978 2680 non
995 2654 1043 2681 est
1056 2650 1075 2680 τ’
1100 2660 1151 2680 see
1167 2660 1193 2680 c.
1210 2652 1317 2681 41.—‘
1328 2653 1395 2680 toto
1414 2650 1468 2679 illo
1489 2659 1572 2679 anno
1584 2648 1603 2677 τ’
1623 2657 1688 2677 13.c.

99 2698 147 2728 sul
162 2698 194 2727 in
212 2696 306 2736 Spain
323 2699 354 2725 at
370 2695 423 2724 the
447 2695 523 2724 time
543 2694 634 2724 when
655 2693 794 2724 Calidius
809 2703 871 2723 was
915 2696 967 2729 58,
985 2694 1075 2723 when
1093 2694 1127 2723 P.
1146 2693 1274 2723 Clodius
1290 2703 1352 2722 was
1373 2698 1412 2722 tr.
1429 2693 1485 2732 pL,
1501 2691 1563 2721 and
1580 2691 1688 2721 Cicero

98 2739 285 2781 prosecuted
302 2737 508 2779 (Manutius).
916 2747 978 2766 was
994 2737 1102 2766 driven
1118 2737 1185 2766 into
1201 2737 1290 2766 exile.

143 2785 288 2823 infliyere
317 2780 470 2819 securim]
520 2780 675 2818 Compare
706 2779 766 2808 Pro
795 2778 871 2808 Mu·
961 2790 1040 2818 quae
1057 2801 1064 2808 .
1083 2802 1090 2808 .
1108 2801 1115 2808 .
1134 2781 1318 2809 conservata
1333 2778 1391 2817 sit]
1431 2779 1439 2794 ⁴
1454 2777 1543 2809 Quae
1561 2798 1569 2806 .
1583 2799 1590 2805 .
1606 2799 1614 2806 .
1628 2775 1690 2812 sit,’

100 2836 187 2862 rena,
213 2836 239 2855 c.
267 2827 319 2861 24,
344 2826 482 2853 note.—‘
496 2827 622 2862 praetor
644 2822 778 2851 finitimo
793 2822 812 2851 :’
833 2822 872 2851 he
917 2832 986 2861 says
1013 2822 1168 2857 Wunder,
1198 2823 1225 2851 is
1254 2824 1314 2861 put
1343 2822 1390 2850 for
1415 2822 1532 2859 ‘quum
1551 2841 1558 2849 .
1577 2841 1584 2848 .
1603 2842 1610 2849 .
1628 2818 1690 2855 sit,’

101 2870 177 2900 took
205 2869 258 2898 the
282 2871 367 2897 town
395 2866 430 2895 of
450 2866 618 2904 Fregellae,
640 2864 742 2894 which
762 2874 824 2894 was
840 2865 874 2894 in
918 2865 1019 2895 which
1035 2865 1160 2895 remark
1175 2865 1216 2894 he
1234 2864 1341 2894 makes
1356 2864 1389 2893 in
1405 2862 1495 2892 order
1509 2866 1543 2892 to
1559 2864 1690 2901 prevent

101 2911 263 2943 rcbelh'on.
310 2910 350 2941 In
374 2909 480 2941 Pison.
502 2918 529 2939 c.
552 2910 604 2945 39,
626 2907 690 2938 and
712 2907 766 2938 the
789 2910 874 2939 note.
918 2918 980 2949 any
996 2917 1112 2949 person
1133 2907 1215 2939 from
1240 2906 1362 2946 finding
1382 2916 1401 2937 a
1420 2905 1572 2945 difficulty
1587 2905 1621 2935 in
1636 2905 1691 2936 the
