1816 3211
692 185 826 227 GAP.
863 187 925 235 11,
962 186 1028 226 12.
1579 185 1660 226 339

58 302 198 344 dium?
261 301 376 343 Satis
409 305 475 342 est
507 300 548 341 in
576 300 645 340 illa
681 298 850 354 quidem
881 302 971 340 tam
1003 297 1163 347 audaci,
1193 301 1283 339 tam
1318 296 1478 338 nefaria
1511 296 1659 347 bellua,

55 368 205 408 docere
227 381 421 421 magnam
442 366 479 406 ei
501 379 706 413 caussam,
740 379 938 419 magnam
964 379 1083 419 spem
1115 363 1158 403 in
1197 362 1372 403 Milonis
1400 368 1536 403 morte
1568 376 1661 416 pro-

21 424 248 488 'positam,
282 447 459 485 magnas
493 431 701 472 utilitates
737 429 879 470 fuisse.
943 429 1096 484 Itaque
1136 428 1238 468 illud
1281 427 1543 476 Cassianum,
1584 427 1662 468 Cui

53 498 163 539 bono
185 497 324 546 fuerit,
348 496 390 536 in
418 497 482 537 his
513 495 702 552 personis
723 495 874 545 valeat,
902 494 984 536 etsi
1005 493 1104 535 boni
1136 493 1250 534 nullo
1283 493 1565 534 emolumento
1587 492 1660 532 im-

53 563 266 619 pelluntur
298 562 339 602 in
367 560 771 620 11ἱ111ς10111,1η1[110111
803 574 928 615 saepe
962 574 1102 614 parvo.
1167 559 1304 613 Atqui
1342 558 1502 599 Milone
1533 557 1660 599 inter-

53 631 165 670 fecto
189 628 361 669 Clodius
382 628 485 668 haec
506 627 826 682 assequebatur,
851 641 933 666 non
957 626 1078 666 modo
1106 630 1153 665 ut
1175 629 1348 680 praetor
1370 628 1484 665 esset
1505 638 1588 664 non
1611 638 1660 665 eo

55 695 238 743 consule,
262 708 344 749 quo
366 692 533 734 sceleris
554 693 691 732 facere
714 691 814 731 nihil
835 696 992 746 posset,
1017 691 1090 732 sed
1118 690 1247 731 etiam
1268 694 1316 730 ut
1348 689 1398 729 iis
1420 689 1660 730 consulibus

55 764 225 816 praetor
255 763 379 808 esset,
414 757 565 812 quibus
590 757 625 798 si
659 772 743 798 non
770 757 1081 812 adjuvantibus,
1114 761 1160 797 at
1193 754 1513 796 conniventibus
1545 759 1659 796 certe

56 829 248 880 speraret
268 839 313 865 se
334 838 459 879 posse
481 823 646 864 eludere
677 821 719 862 in
750 821 831 862 illis
852 822 938 863 suis
959 821 1159 877 cogitatis
1189 820 1425 865 furoribus;
1461 820 1581 873 cujus
1602 819 1660 860 illi

57 895 247 939 conatus,
271 894 319 931 ut
339 889 429 944 ipse
451 887 798 937 ratiocinabatur,
821 901 898 928 nec
926 887 960 927 si
992 891 1168 942 possent
1196 885 1423 940 reprimere
1445 889 1659 940 cuperent,

58 970 186 1011 quum
216 959 383 997 tantum
413 954 664 995 beneficium
695 953 733 994 ei
764 967 809 994 se
843 953 996 994 debere
1028 951 1350 1000 arbitrarentur,
1375 954 1419 991 et
1451 950 1487 990 si
1509 950 1662 990 vellent

56 1021 236 1062 fortasse
263 1021 332 1061 vix
365 1025 540 1076 possent
566 1021 761 1075 frangere
792 1019 972 1059 hominis
1003 1016 1313 1059 sceleratissimi
1345 1016 1662 1057 corroboratam

51 1085 141 1140 jam
163 1090 376 1128 vetustate
407 1085 636 1126 audaciam.
699 1084 771 1125 An
794 1099 905 1134 vero,
931 1083 1107 1138 judices,
1132 1097 1205 1123 vos
1234 1081 1310 1122 soli
1339 1080 1556 1136 ignoratis,
1587 1094 1662 1121 vos

57 1151 245 1206 hospites
275 1151 316 1191 in
348 1151 426 1191 hac
448 1151 550 1191 urbe
572 1149 806 1207 versa—mini,
830 1154 995 1190 vestrae
1021 1147 1343 1211 peregrinantur
1368 1160 1492 1187 aures
1524 1160 1661 1201 neque

1666 1117 1816 1168 06270«,

1625 1193 1651 1216 ἐπ’
1664 1183 1700 1215 du
1716 1203 1739 1217 -ῑ
1765 1191 1816 1219 0¹5}

56 1215 99 1256 in
121 1216 200 1256 hoc
222 1213 452 1270 pervagato
469 1214 654 1255 civitatis
671 1228 864 1255 sermone
880 1218 1114 1262 versantur,
1135 1226 1238 1266 quas
1254 1212 1322 1252 ille
1342 1211 1470 1266 leges,
1489 1210 1524 1251 si
1545 1211 1662 1266 leges

56 1280 334 1321 nominandae
365 1285 475 1329 sunt,
499 1294 549 1320 ac
578 1294 662 1320 non
696 1279 812 1319 faces
833 1277 950 1318 urbis
976 1282 1020 1318 et
1048 1283 1191 1331 pestes
1216 1276 1275 1318 rei
1301 1276 1505 1331 publicae,
1535 1274 1662 1316 fuerit

58 1345 331 1400 impositurus
367 1345 487 1385 nobis
534 1344 727 1385 omnibus
771 1349 899 1398 atque
944 1343 1188 1383 inusturus3
1259 1330 1440 1391 Exhibe,
1489 1354 1658 1395 quaeso,

60 1410 190 1452 Sexte
232 1410 364 1459 Clodi,
407 1410 556 1451 exhibe
596 1408 808 1450 librarium
853 1408 954 1448 illud
996 1407 1136 1462 legum
1176 1415 1421 1455 vestrarum,
1464 1405 1575 1460 quod
1617 1409 1661 1446 te

57 1476 176 1517 aiunt
217 1475 419 1531 eripuisse
454 1490 476 1516 e
510 1475 633 1515 domo
675 1479 718 1514 et
758 1488 810 1514 ex
850 1473 998 1514 mediis
1033 1471 1160 1513 armis
1204 1472 1412 1526 turbaque
1452 1475 1661 1511 nocturna

56 1546 269 1596 tamquam
293 1540 529 1581 Palladium
551 1539 784 1588 sustulisse,
803 1545 849 1579 ut
870 1537 1132 1593 praeclarum
1148 1537 1341 1578 videlicet
1361 1551 1512 1577 munus
1533 1541 1661 1590 atque

55 1607 382 1648 instrumentum
403 1605 646 1646 tribunatus
667 1604 719 1644 ad
745 1603 937 1658 aliquem,
961 1603 996 1642 si
1028 1608 1179 1644 nactus
1211 1615 1325 1643 esses
1357 1602 1425 1656 qui
1457 1607 1531 1642 tuo
1552 1600 1661 1641 arbi-

55 1672 138 1714 trio
159 1671 420 1712 tribunatum
445 1674 625 1725 gereret,
651 1669 811 1709 deferre
841 1682 998 1723 posses.
1060 1668 1205 1722 Atque
1238 1682 1313 1722 per
1355 1667 1379 1692 *
1423 1666 1447 1691 *
1490 1667 1528 1706 *.
1591 1664 1661 1705 An

55 1737 180 1792 hujus
209 1736 275 1777 ille
301 1735 418 1790 legis,
443 1750 567 1790 quam
591 1734 762 1776 Clodius
793 1748 818 1774 a
845 1748 890 1774 se
923 1733 1138 1774 inventam
1168 1732 1382 1788 gloriatur,
1407 1731 1661 1772 mentionem

54 1802 193 1843 facere
214 1815 341 1842 ausus
373 1805 486 1841 esset
507 1800 599 1842 vivo
634 1799 805 1849 Milone,
830 1814 913 1840 non
946 1799 1084 1840 dicam
1113 1798 1309 1839 00115111οἕ
1371 1797 1436 1837 De
1469 1803 1661 1837 nostrum

56 1867 165 1908 enim
188 1866 514 1907 omnium—non
535 1865 668 1906 audeo
694 1869 833 1906 totum
867 1864 1022 1905 dicere.
1086 1862 1244 1904 Videte
1275 1862 1374 1918 quid
1404 1876 1454 1903 ea
1474 1861 1563 1902 vitii
1593 1861 1660 1902 lex

880 1987 985 2018 attack
1010 1987 1073 2017 had
1099 1986 1180 2016 been
1203 1985 1295 2016 made
1319 1995 1360 2016 on
1385 1983 1526 2016 Clodius’
1549 1983 1658 2014 house.

879 2031 948 2061 The
971 2031 1106 2061 allusion
1131 2033 1164 2060 to
1188 2029 1244 2059 the
1270 2029 1443 2059 Palladium
1467 2028 1506 2057 he
1528 2027 1594 2056 also
1610 2036 1658 2056 re-

882 2074 997 2111 marks,
1013 2074 1038 2103 is
1055 2077 1087 2103 to
1104 2073 1159 2103 the
1176 2073 1349 2102 Palladium
1367 2071 1504 2110 brought
1520 2073 1553 2099 to
1577 2070 1658 2108 Italy

881 2117 921 2156 by
939 2117 1071 2152 Aeneas,
1096 2116 1198 2145 which
1222 2126 1283 2146 was
1308 2114 1400 2145 saved
1426 2114 1467 2154 by
1494 2113 1531 2143 L.
1550 2112 1657 2143 Caeci-

879 2160 939 2190 lius
956 2159 1106 2190 Metellus
1121 2159 1202 2189 from
1218 2158 1344 2188 Vesta's
1361 2158 1497 2196 burning
1514 2156 1642 2194 temple.

922 2202 1186 2241 instrumentum]
1236 2201 1265 2232 A
1288 2201 1377 2232 stock
1396 2201 1428 2230 iu
1445 2199 1543 2235 trade,
1561 2209 1594 2228 as
1612 2208 1657 2228 we

103 1989 301 2024 Cassianum,
330 1988 388 2018 cuz·
416 1988 511 2028 bono]
561 1988 620 2018 See
648 1988 709 2018 Pro
739 1988 833 2018 Rosc.

57 2031 222 2067 Amerino,
251 2041 277 2060 0.
302 2032 352 2066 30,
370 2031 432 2060 and
456 2031 511 2061 the
534 2035 674 2062 11010.--ί
686 2041 833 2071 asseque-

57 2073 182 2104 baturz’
223 2074 318 2103 Halm
357 2074 430 2103 asks
459 2074 530 2114 why
560 2078 618 2105 not
652 2078 833 2104 ‘assecutus

57 2117 141 2147 est?'
189 2116 204 2146 I
229 2116 349 2147 believe
371 2117 460 2146 there
483 2127 535 2147 are
557 2118 620 2147 like
636 2127 782 2157 passages
802 2118 833 2147 in

57 2160 158 2190 which
183 2160 237 2189 the
264 2159 382 2199 perfect
408 2160 434 2189 is
457 2160 544 2195 used,
568 2161 626 2190 but
648 2171 695 2190 we
717 2164 834 2190 cannot

57 2203 193 2233 mistake
223 2202 277 2232 the
307 2202 455 2241 meaning
484 2203 625 2233 whether
654 2204 679 2233 it
709 2203 736 2233 is
773 2213 834 2233 one

57 2250 146 2276 tense
173 2256 208 2275 or
234 2245 289 2275 the
313 2245 414 2274 other.
463 2245 558 2276 Halm
583 2256 746 2286 compares
772 2246 833 2276 ‘ad

57 2290 111 2319 illa
135 2311 142 2318 .
168 2311 175 2318 .
202 2311 209 2318 .
233 2287 401 2324 veniebat,’
419 2298 445 2318 c.
465 2289 514 2319 16.

101 2331 245 2370 eludere]
294 2331 395 2370 Many
421 2331 567 2368 editions,
602 2332 733 2363 modern
771 2333 834 2362 and

57 2375 120 2410 old,
137 2375 216 2404 have
241 2378 327 2403 ‘rem
353 2373 509 2413 publicam
532 2375 680 2405 eludere!
728 2376 835 2406 Baiter

57 2428 130 2458 says
146 2417 281 2456 nothing
296 2417 394 2446 about
411 2420 495 2447 ‘rem
512 2417 694 2457 publicam.'

101 2471 159 2491 nec
183 2483 190 2490 .
217 2483 224 2489 .
250 2483 257 2489 .
283 2459 450 2499 cuperent]
501 2464 579 2491 ‘nec
619 2462 644 2491 si
682 2465 834 2501 cuperent

56 2504 227 2543 reprimere
239 2506 370 2542 possent
382 2502 389 2515 '
406 2502 443 2532 T.
462 2502 499 2532 E.
518 2504 550 2534 8.
590 2503 705 2540 Baiter,
717 2505 836 2535 follow-

56 2547 112 2585 ing
128 2546 268 2585 Madvig,
285 2545 341 2575 has
359 2548 366 2561 ⁴
379 2555 436 2574 1100
452 2549 602 2585 cuperent
622 2547 790 2587 reprimere
806 2548 831 2578 si

56 2589 209 2629 possent.y
257 2588 385 2627 Shortly
402 2587 482 2617 after
497 2589 586 2619 there
601 2590 628 2620 is
652 2593 659 2607 ‘
674 2593 705 2620 et
726 2591 751 2621 si
767 2591 831 2621 vel-

55 2632 146 2668 lent,¹
165 2635 222 2662 &c.

100 2674 288 2714 librarium]
336 2673 414 2703 This
442 2674 525 2703 word
553 2684 654 2704 seems
680 2678 714 2705 to
739 2686 830 2707 mean

54 2719 110 2748 the
134 2728 219 2748 same
244 2727 277 2747 as
306 2716 495 2746 ‘scrinium’
512 2727 547 2746 or
574 2718 710 2757 ‘capsa.’
758 2720 830 2749 Sex.

54 2761 185 2792 Clodius
209 2761 235 2791 is
259 2760 357 2790 called
382 2759 520 2789 ‘scriba'
543 2760 576 2789 iu
593 2760 758 2791 Asconius'
778 2762 830 2791 In-

52 2804 246 2834 troduction.
306 2804 364 2833 See
402 2802 473 2831 Vol.
513 2803 568 2841 iii.,
606 2803 718 2841 Index,
757 2804 829 2834 Sex.

52 2847 194 2878 Clodius.

96 2890 252 2929 eripuisse
276 2911 283 2919 .
310 2912 317 2918 .
343 2911 351 2918 .
376 2888 580 2927 Palladium]
639 2888 727 2925 This,
759 2898 829 2929 says

53 2931 161 2969 Halm,
192 2932 219 2962 is
248 2931 414 2963 rhetorical
445 2930 678 2970 exaggeration,
710 2931 757 2961 for
787 2941 829 2961 110

879 2246 993 2276 should
1014 2256 1079 2285 say,
1097 2245 1265 2281 materials,
1283 2244 1397 2284 capital
1420 2244 1468 2273 for
1489 2242 1658 2281 mauaging

878 2300 896 2318 a
920 2289 999 2318 farm
1025 2299 1060 2318 or
1084 2299 1102 2318 a
1126 2288 1281 2318 business.
1329 2288 1388 2317 See
1404 2287 1475 2316 Vol.
1493 2286 1526 2323 i.,
1546 2286 1656 2320 Index,

883 2333 1148 2362 Instrumentum.

923 2376 1030 2414 AIque
1043 2385 1104 2414 per
1127 2397 1134 2404 .
1161 2396 1169 2404 .
1195 2396 1202 2404 .
1228 2374 1431 2413 reprehensio
1448 2371 1511 2411 est]
1553 2371 1656 2401 These

879 2418 980 2448 words
1005 2428 1057 2447 are
1082 2417 1180 2448 found
1208 2417 1238 2447 in
1264 2427 1305 2446 no
1337 2416 1408 2446 MS.
1455 2416 1524 2445 The
1551 2414 1655 2444 Schol.

879 2461 1027 2491 Ambros.
1043 2461 1082 2490 ad
1099 2461 1155 2491 Or.
1172 2460 1211 2490 de
1231 2469 1303 2490 aere
1323 2459 1426 2489 alieno
1441 2458 1583 2492 Milonis,
1601 2457 1656 2487 has

883 2505 1021 2544 “Atque
1038 2514 1094 2544 per
1110 2522 1655 2534 .................

876 2547 915 2577 de
932 2552 1110 2577 nostrorum
1125 2546 1197 2586 (sic)
1220 2545 1473 2576 omnium—non
1490 2544 1590 2574 audeo
1606 2548 1655 2573 to-

877 2595 943 2620 tum
958 2590 1070 2620 dicere.
1104 2590 1217 2619 Videte
1230 2589 1306 2629 quid
1319 2599 1355 2618 ea
1367 2588 1433 2618 vitii
1446 2588 1494 2617 lex
1509 2586 1655 2616 habitura

877 2634 980 2670 suerit,
1008 2634 1098 2672 cujus
1130 2633 1304 2672 periculosa
1329 2632 1422 2662 etiam
1453 2629 1655 2670 reprehensio

875 2676 959 2707 est.”
1007 2676 1184 2709 Quintilian
1202 2676 1258 2715 (ix.
1275 2677 1306 2710 ⁶2,
1323 2674 1378 2712 54)
1402 2674 1457 2703 has
1474 2677 1481 2690 ⁴
1494 2673 1544 2703 An
1562 2672 1655 2709 hujus

877 2743 884 2749 .
910 2742 918 2749 .
944 2742 950 2749 .
968 2723 1072 2749 totum
1104 2718 1228 2748 dicere.'
1282 2718 1403 2757 Peyron
1432 2716 1518 2756 (says
1546 2713 1654 2746 11111111)

875 2763 1013 2792 inserted
1040 2763 1094 2792 1110
1120 2762 1223 2791 words
1253 2760 1394 2790 between
1420 2759 1548 2797 ‘Atque
1580 2754 1652 2794 pcr'

875 2805 936 2835 and
951 2808 958 2822 ⁴
970 2805 1239 2845 reprehensio.—‘
1255 2804 1304 2834 De
1319 2807 1463 2833 nostrum
1480 2799 1619 2829 omnium
1634 2796 1653 2825 ε’

879 2848 973 2878 Halm
997 2849 1069 2878 asks
1093 2849 1163 2879 how
1188 2847 1243 2878 the
1269 2845 1509 2881 ἀποσιώπησις
1524 2843 1550 2871 15
1566 2844 1599 2869 to
1616 2839 1655 2867 bc

874 2891 1020 2931 supplied
1033 2892 1045 2921 ?

820 2976 888 3014 ΖΞ
