1816 3211
123 183 204 223 598
265 179 443 222 ORAT.
477 177 990 220 PHILIPPIOARUM
1028 176 1213 218 LIBER
1246 177 1576 220 SEPTIMUS.

121 294 347 349 oppressis,
380 293 533 334 misera
568 292 637 333 illa
671 291 848 346 quidem,
887 290 960 330 sed
995 294 1139 330 tamen
1166 290 1311 344 justa:
1345 305 1454 331 nunc
1489 292 1603 332 nulla
1636 296 1714 332 est.

123 359 313 400 Liberati
343 357 473 412 [tum]
505 357 621 411 regio
654 356 871 396 dominatu
902 354 1170 400 videbamur3
1205 355 1336 395 inulto
1369 359 1517 410 postea
1547 357 1715 411 gravius

118 425 368 478 urgebamur
389 423 516 463 armis
537 420 790 461 domesticis.
853 420 918 460 Ea
939 420 1029 474 ipsa
1059 419 1294 474 depulimus
1315 434 1392 460 nos
1413 420 1578 474 quidem
1597 439 1607 467 ;
1642 436 1713 462 ex-

118 489 353 544 torquenda
374 492 481 529 sunt.
545 486 666 536 Quod
688 485 721 526 si
743 500 825 526 non
846 499 1069 540 possumus
1090 485 1238 534 facere,
1258 484 1392 524 dicam
1412 486 1522 539 quod
1545 486 1715 540 dignum

119 559 184 595 est
228 557 420 593 senatore
461 555 505 592 et
547 551 739 591 Romano
771 550 950 598 homine,
992 549 1231 590 moriamur.
1295 550 1464 601 Quanta
1497 550 1605 590 enim
1645 551 1715 591 illa

121 618 202 659 erit
232 617 291 657 rei
316 616 507 672 publicae
535 616 769 670 turpitudo,
794 620 996 670 quantum
1025 615 1217 663 dedecus,
1242 620 1398 669 quanta
1425 615 1554 663 labes,
1578 615 1714 656 dicere

117 683 159 723 in
191 683 269 723 hoc
303 682 446 722 ordine
479 681 730 722 sententiam
765 681 828 720 M.
852 679 1086 721 Antonium
1122 679 1327 720 consulari
1363 680 1480 720 loco!
1516 681 1635 734 cujus
1667 686 1715 721 ut

118 747 311 789 omittam
333 745 649 787 innumerabilia
670 745 828 786 scelera
858 745 1005 786 urbani
1035 744 1288 793 consulatus,
1313 744 1354 784 in
1383 758 1465 798 quo
1498 745 1712 799 pecuniam

116 812 326 868 publicam
346 811 570 857 maximam
592 810 823 864 dissipavit,
847 810 1012 850 exsules
1033 810 1121 850 sine
1151 810 1243 865 lege
1265 809 1467 858 restituit,
1493 810 1714 864 vectigalia

118 877 360 926 divendidit,
403 876 639 932 provincias
675 875 725 915 de
761 875 900 929 populi
938 875 1118 915 Romani
1153 874 1328 929 imperio
1365 875 1548 924 sustulit,
1586 889 1715 929 regna

115 943 279 984 addixit
299 941 487 997 pecunia,
511 942 624 996 leges
653 940 815 981 civitati
847 955 921 994 per
943 939 1024 979 vim
1052 939 1262 994 imposuit,
1287 938 1415 980 armis
1443 944 1517 980 aut
1547 939 1714 981 obsedit

115 1012 191 1049 aut
219 1006 400 1048 exclusit
432 1011 650 1052 senatum;
684 1010 732 1045 ut
759 1005 872 1053 haec,
903 1004 1085 1059 inquam,
1113 1004 1318 1053 omittam,
1348 1019 1402 1044 ne
1432 1005 1511 1045 hoc
1545 1005 1713 1059 quidem

117 1072 316 1128 cogitatis
335 1086 429 1112 eum
450 1071 519 1126 qui
550 1070 775 1118 Mutinam,
800 1069 1004 1110 coloniam
1030 1069 1171 1123 populi
1205 1069 1384 1109 Romani
1417 1069 1710 1119 firmissimam,

115 1137 383 1193 oppugnarit,
426 1136 722 1190 imperatorem
762 1135 902 1189 populi
943 1135 1135 1182 Romani,
1179 1134 1390 1174 consulem
1433 1135 1708 1189 designatum,

115 1202 335 1252 obsederit,
358 1201 632 1255 depopulatus
653 1214 776 1254 agros
797 1201 866 1247 sit,
889 1199 999 1239 hunc
1023 1199 1063 1238 in
1086 1213 1181 1239 eum
1203 1199 1391 1239 ordinem
1411 1200 1549 1254 recipi,
1574 1215 1599 1240 a
1631 1215 1711 1255 quo

113 1268 240 1309 toties
262 1267 314 1306 ob
336 1266 411 1306 has
433 1266 544 1320 ipsas
567 1279 738 1305 caussas
765 1264 899 1304 hostis
928 1263 1143 1318 judicatus
1163 1263 1232 1314 sit,
1257 1278 1382 1319 quam
1405 1265 1574 1305 foedum
1595 1265 1712 1321 flagi-

111 1333 347 1387 tiosumque
369 1331 451 1372 sit?

172 1397 287 1438 Satis
322 1396 454 1437 multa
490 1396 541 1436 de
575 1394 863 1449 turpitudine:
911 1393 1047 1434 dicam
1082 1393 1291 1448 deinceps,
1329 1398 1377 1435 ut
1412 1394 1620 1449 proposui,
1658 1394 1710 1436 de

112 1451 310 1517 periculo,
339 1462 449 1517 quod
483 1460 563 1501 etsi
598 1460 735 1500 minus
768 1464 833 1500 est
865 1458 1107 1513 fugiendum
1143 1474 1266 1513 quam
1299 1459 1531 1513 turpitudo,
1567 1465 1709 1500 tamen

113 1528 286 1569 offendit
301 1528 462 1567 animos
478 1525 649 1580 majoris
665 1526 800 1580 partis
820 1524 1034 1564 hominum
1050 1524 1198 1578 magis.
1252 1523 1330 1565 VI.
1357 1524 1562 1565 Poteritis
1580 1525 1709 1579 igitur

113 1593 374 1648 exploratam
402 1592 557 1631 habere
585 1605 742 1645 pacem,
768 1604 895 1644 quum
918 1589 958 1628 in
981 1588 1150 1630 civitate
1173 1588 1407 1630 Antonium
1428 1589 1623 1630 videbitis
1644 1590 1708 1630 vel

111 1659 251 1714 potius
273 1656 514 1698 Antonios?
576 1655 666 1696 Nisi
699 1656 806 1695 forte
840 1653 1109 1694 contemnitis
1144 1654 1345 1694 Lucium:
1381 1669 1459 1709 ego
1487 1669 1538 1695 ne
1561 1655 1706 1695 Caium

111 1723 288 1777 quidem.
352 1722 447 1771 Sed,
471 1727 519 1762 ut
549 1721 680 1769 video,
710 1718 992 1760 dominabitur
1023 1717 1191 1759 Lucius.
1254 1719 1337 1759 Est
1368 1719 1476 1759 enim
1504 1724 1705 1773 patronus

112 1802 234 1827 xxxv
258 1787 443 1828 tribuum
476 1800 651 1840 quarum
680 1800 755 1824 sua
787 1784 889 1837 lege,
919 1797 1000 1836 qua
1022 1797 1117 1822 curn
1146 1782 1192 1823 G.
1218 1783 1395 1824 Caesare
1430 1784 1705 1838 magistratus

111 1853 294 1906 partitus
346 1856 423 1899 est,
472 1850 714 1903 suffragium
760 1847 962 1888 sustulit:
1019 1853 1223 1901 patronus
1264 1849 1548 1889 centuriarum
1591 1850 1704 1904 equi-

112 1922 203 1957 tum
235 1917 531 1963 Romanorum,
559 1928 662 1969 quas
695 1913 796 1954 item
829 1912 917 1952 sine
953 1912 1153 1967 suffragio
1181 1927 1274 1953 esse
1306 1913 1464 1960 voluit;
1499 1920 1703 1968 patronus

112 1997 268 2031 eorum,
292 1982 361 2036 qui
389 1979 546 2022 tribuni
573 1979 775 2019 militares
810 1977 1008 2024 fuerunt;
1043 1982 1248 2031 patronus
1269 1977 1299 2017 J
1304 1978 1372 2018 ani
1397 1978 1538 2019 medii.
1600 1979 1703 2032 Quis

928 2140 1219 2178 pronuntiarentur,
1236 2150 1293 2179 pro
1309 2142 1400 2179 parte
1419 2140 1517 2170 altera
1532 2149 1610 2179 quos
1633 2139 1701 2179 ipse

928 2182 1110 2212 edidisset.''
1156 2183 1325 2213 Suetonius
1345 2183 1410 2213 also
1427 2192 1497 2222 says
1516 2182 1656 2221 (Caesar,
1673 2192 1700 2212 c.

929 2225 984 2265 76)
999 2237 1005 2254 :
1032 2226 1184 2256 “Eadem
1205 2226 1331 2256 licentia
1357 2229 1463 2265 spreto
1478 2226 1597 2265 patriae
1613 2235 1700 2255 more

112 2146 165 2166 —‘
180 2143 396 2183 extorquenda
409 2145 482 2173 sunt
496 2142 516 2172 :’
535 2144 542 2159 ‘
556 2152 593 2172 ea
604 2142 672 2181 ipsa
687 2140 884 2180 depulimus:

112 2196 197 2216 nunc
228 2187 355 2226 quidem
386 2186 416 2215 vi
447 2185 663 2225 extorquenda
695 2183 792 2221 sunt,’
831 2183 887 2213 the

112 2230 242 2268 reading
257 2230 293 2258 of
305 2229 346 2265 D,
364 2229 465 2258 which
482 2229 538 2258 has
563 2231 570 2244 ‘
584 2238 668 2257 nunc
679 2226 686 2240 '
710 2227 759 2257 for
785 2229 792 2243 ‘
805 2236 864 2257 nos
876 2226 883 2239 '

112 2272 173 2301 and
192 2276 199 2289 ⁴
211 2273 241 2302 vi
257 2271 495 2311 extorquenda.’

155 2315 272 2344 urbani
289 2314 487 2353 consulatus]
535 2313 635 2343 What
650 2313 690 2342 he
705 2312 758 2342 did
781 2312 814 2341 in
830 2312 885 2341 the

113 2357 175 2395 city
191 2358 305 2395 during
321 2358 369 2386 his
386 2357 579 2396 consulship.
627 2356 679 2386 He
694 2355 772 2385 then
795 2365 883 2385 men-

111 2399 196 2429 tions
223 2400 277 2428 the
303 2399 492 2438 plundering
516 2399 552 2429 of
571 2399 626 2428 the
650 2408 765 2436 money
781 2398 814 2427 in
830 2398 884 2427 the

111 2443 229 2481 temple
254 2442 288 2470 of
309 2442 387 2481 Ops,
405 2443 467 2471 and
490 2442 582 2471 other
605 2442 711 2480 things
727 2441 827 2470 which
845 2441 885 2470 he

111 2484 168 2514 has
184 2485 309 2524 already
325 2485 458 2523 charged
474 2485 597 2524 against
612 2484 772 2514 Antonius
786 2483 882 2523 (Phil.

111 2537 143 2557 ιι.
165 2550 172 2556 .

147 2527 328 2605 >Mutinarm
347 2571 518 2606 coloniam]
567 2570 647 2599 Phil.
666 2579 694 2598 v.
712 2579 738 2598 c.
756 2570 786 2599 9.

155 2614 183 2642 6.
210 2613 410 2651 exploratam
429 2635 436 2641 .
457 2635 462 2642 .
481 2612 626 2651 ‚pac-em]
654 2622 672 2641 a
688 2621 760 2641 sure
775 2621 880 2651 peace.

112 2656 208 2686 Halm
225 2655 327 2684 writes
345 2659 351 2670 ⁴
365 2654 411 2683 M.
429 2655 626 2684 Antonium.'

153 2700 214 2728 Est
242 2698 510 2736 enimpalronvx]
560 2698 618 2727 See
646 2697 725 2727 Phil.
744 2697 783 2726 vi.
807 2707 833 2726 c.
851 2698 880 2725 5.

109 2744 161 2763 —-‘
176 2751 232 2771 sua
248 2740 316 2779 lege
328 2739 347 2769 τ’
373 2739 530 2768 Ferrarius
551 2741 646 2769 refers
662 2744 694 2769 to
713 2739 882 2769 Suetonius

111 2783 251 2824 (Caesar,
265 2794 292 2812 c.
305 2781 359 2822 41)
375 2794 382 2811 ι
408 2782 573 2811 “Comitia
589 2793 658 2811 cum
675 2783 793 2821 populo
810 2792 881 2821 par-

107 2828 185 2857 titus
213 2830 261 2856 est
289 2823 445 2865 (Caesar),
471 2827 506 2854 ut
532 2826 670 2863 exceptis
701 2826 882 2854 consulatus

108 2868 369 2909 competitoribus
385 2868 424 2897 de
439 2870 562 2897 caetero
578 2877 709 2896 numero
732 2867 880 2897 candida-

108 2916 212 2942 torum
226 2921 284 2952 pro
296 2914 384 2951 parte
399 2910 528 2940 dimidia
543 2919 621 2949 quos
638 2910 772 2948 populus
788 2910 882 2940 vellet

927 2269 1130 2307 magistratus
1159 2269 1192 2298 in
1226 2269 1333 2308 plures
1370 2278 1470 2298 annos
1508 2267 1699 2298 ordinavit.''

928 2310 966 2340 L.
989 2311 1146 2341 Antonius
1172 2312 1301 2342 entered
1321 2321 1362 2342 on
1386 2312 1440 2341 the
1464 2311 1552 2341 office
1572 2311 1608 2341 of
1628 2311 1700 2340 Tri-

926 2353 1031 2383 bunus
1056 2355 1159 2393 plebis
1196 2364 1238 2384 on
1264 2355 1320 2384 the
1346 2354 1421 2384 10th
1448 2354 1484 2384 of
1511 2353 1698 2389 December,

928 2405 992 2427 13.c.
1015 2399 1066 2432 45,
1091 2397 1153 2427 and
1177 2397 1218 2427 he
1241 2397 1398 2436 proposed
1425 2397 1480 2426 the
1507 2397 1573 2426 Lex
1597 2396 1699 2426 which

926 2440 1122 2478 empowered
1150 2440 1265 2470 Caesar
1288 2440 1395 2470 before
1420 2440 1461 2469 he
1485 2443 1567 2469 went
1592 2449 1633 2469 on
1650 2439 1698 2468 his

927 2482 1076 2512 Parthian
1107 2483 1288 2522 expedition
1317 2486 1351 2512 to
1378 2493 1471 2512 name
1499 2483 1555 2512 the
1585 2482 1698 2521 magis-

925 2527 1022 2554 trates
1036 2526 1083 2555 for
1099 2536 1185 2555 some
1201 2536 1290 2565 years
1305 2529 1339 2555 to
1356 2535 1444 2555 come
1458 2525 1558 2565 (Dion
1571 2525 1698 2555 Cassius

925 2569 977 2603 43,
995 2578 1021 2597 e.
1039 2570 1090 2604 115,
1108 2569 1168 2598 and
1186 2578 1211 2597 e.
1229 2568 1298 2608 51).

968 2611 1013 2640 As
1029 2614 1062 2640 to
1078 2612 1131 2641 the
1150 2611 1242 2641 other
1264 2611 1415 2640 allusions
1430 2610 1461 2639 in
1477 2610 1540 2639 this
1555 2619 1696 2649 passage,

925 2662 977 2682 see
1008 2653 1087 2683 Phil.
1116 2654 1157 2683 vi.
1183 2664 1209 2683 c.
1238 2653 1538 2691 5.—‘magistratus
1562 2653 1696 2691 partitus

925 2696 1006 2725 est:’
1042 2697 1071 2725 V
1101 2697 1158 2726 has
1190 2697 1424 2735 ‘magistratum
1456 2696 1589 2734 partitus
1622 2694 1694 2724 est.'

926 2739 1034 2773 Halm,
1065 2739 1218 2774 however,
1252 2742 1393 2777 suggests
1427 2739 1497 2767 that
1526 2739 1581 2767 the
1610 2737 1695 2766 word

926 2785 933 2798 ‘
948 2782 1164 2820 magistratum
1178 2782 1185 2795 ’
1213 2782 1238 2811 is
1263 2792 1281 2811 a
1301 2781 1482 2820 corruption
1503 2780 1538 2810 of
1561 2780 1694 2818 ‘magis-

924 2824 1088 2861 tratuum,’
1104 2826 1166 2855 and
1181 2825 1251 2854 that
1277 2834 1364 2853 some
1379 2823 1553 2853 accusative
1569 2822 1645 2851 such
1659 2832 1694 2852 as

926 2869 933 2882 ⁴
945 2868 1073 2897 comitia
1087 2867 1094 2880 ’
1112 2878 1148 2898 or
1172 2870 1180 2884 ‘
1193 2867 1443 2897 nominationem
1458 2865 1466 2878 '
1482 2865 1537 2895 has
1553 2865 1695 2904 dropped

924 2912 991 2940 out.
