<?xml version="1.0" encoding="UTF-8"?>
<!DOCTYPE html PUBLIC "-//W3C//DTD XHTML 1.0 Transitional//EN"
    "http://www.w3.org/TR/xhtml1/DTD/xhtml1-transitional.dtd">
<html xmlns="http://www.w3.org/1999/xhtml" xml:lang="en" lang="en">
 <head>
  <title>
</title>
<meta http-equiv="Content-Type" content="text/html;charset=utf-8" />
  <meta name='ocr-system' content='tesseract 3.04.00' />
  <meta name='ocr-capabilities' content='ocr_page ocr_carea ocr_par ocr_line ocrx_word'/>
</head>
<body>
  <div class='ocr_page' id='page_1' title='image "./orationeswithcom04ciceuoft/orationeswithcom04ciceuoft_0447.png"; bbox 0 0 1816 3211; ppageno 0'>
   <div class='ocr_carea' id='block_1_1' title="bbox 639 151 1681 200">
    <p class='ocr_par' dir='ltr' id='par_1_1' title="bbox 639 151 1681 200">
     <span class='ocr_line' id='line_1_1' title="bbox 639 151 1681 200; baseline 0.006 -6"><span class='ocrx_word' id='word_1_1' title='bbox 639 151 1122 196; x_wconf 84' lang='lat' dir='ltr'><strong>INTRODUOTION.</strong></span> <span class='ocrx_word' id='word_1_2' title='bbox 1599 161 1681 200; x_wconf 73' lang='lat'>425</span> 
     </span>
    </p>
   </div>
   <div class='ocr_carea' id='block_1_2' title="bbox 83 267 1683 368">
    <p class='ocr_par' dir='ltr' id='par_1_2' title="bbox 83 267 1683 368">
     <span class='ocr_line' id='line_1_2' title="bbox 139 267 1683 323; baseline 0.004 -18"><span class='ocrx_word' id='word_1_3' title='bbox 139 267 233 306; x_wconf 85' lang='lat' dir='ltr'>This</span> <span class='ocrx_word' id='word_1_4' title='bbox 253 267 407 306; x_wconf 85' lang='lat' dir='ltr'>oration</span> <span class='ocrx_word' id='word_1_5' title='bbox 426 267 460 306; x_wconf 83' lang='lat' dir='ltr'>is</span> <span class='ocrx_word' id='word_1_6' title='bbox 481 267 612 306; x_wconf 86' lang='lat' dir='ltr'>edited</span> <span class='ocrx_word' id='word_1_7' title='bbox 634 267 687 319; x_wconf 91' lang='lat' dir='ltr'>by</span> <span class='ocrx_word' id='word_1_8' title='bbox 706 267 828 306; x_wconf 84' lang='lat' dir='ltr'>Halm</span> <span class='ocrx_word' id='word_1_9' title='bbox 848 267 890 306; x_wconf 88' lang='lat' dir='ltr'>in</span> <span class='ocrx_word' id='word_1_10' title='bbox 912 267 1070 306; x_wconf 83' lang='lat' dir='ltr'>Orelli’s</span> <span class='ocrx_word' id='word_1_11' title='bbox 1092 267 1241 308; x_wconf 85' lang='lat' dir='ltr'>Cicero.</span> <span class='ocrx_word' id='word_1_12' title='bbox 1298 269 1381 308; x_wconf 82' lang='lat' dir='ltr'>The</span> <span class='ocrx_word' id='word_1_13' title='bbox 1400 269 1599 323; x_wconf 86' lang='lat' dir='ltr'>following</span> <span class='ocrx_word' id='word_1_14' title='bbox 1618 287 1683 312; x_wconf 82' lang='lat' dir='ltr'>are</span> 
     </span>
     <span class='ocr_line' id='line_1_3' title="bbox 83 328 1239 368; baseline 0.002 -2"><span class='ocrx_word' id='word_1_15' title='bbox 83 328 152 367; x_wconf 90' lang='lat' dir='ltr'>the</span> <span class='ocrx_word' id='word_1_16' title='bbox 171 328 458 367; x_wconf 82' lang='lat' dir='ltr'>abbreviations</span> <span class='ocrx_word' id='word_1_17' title='bbox 478 329 522 368; x_wconf 84' lang='lat' dir='ltr'>of</span> <span class='ocrx_word' id='word_1_18' title='bbox 536 330 604 368; x_wconf 89' lang='lat' dir='ltr'>the</span> <span class='ocrx_word' id='word_1_19' title='bbox 624 329 741 368; x_wconf 85' lang='lat' dir='ltr'>MSS.</span> <span class='ocrx_word' id='word_1_20' title='bbox 762 333 804 368; x_wconf 93' lang='lat' dir='ltr'>to</span> <span class='ocrx_word' id='word_1_21' title='bbox 823 329 950 368; x_wconf 83' lang='lat' dir='ltr'>which</span> <span class='ocrx_word' id='word_1_22' title='bbox 969 330 1018 367; x_wconf 91' lang='lat' dir='ltr'>he</span> <span class='ocrx_word' id='word_1_23' title='bbox 1037 329 1159 368; x_wconf 85' lang='lat' dir='ltr'>refers</span> <span class='ocrx_word' id='word_1_24' title='bbox 1175 346 1239 368; x_wconf 91' lang='lat'>:—</span> 
     </span>
    </p>
   </div>
   <div class='ocr_carea' id='block_1_3' title="bbox 83 422 1684 775">
    <p class='ocr_par' dir='ltr' id='par_1_3' title="bbox 83 422 1684 524">
     <span class='ocr_line' id='line_1_4' title="bbox 137 422 1684 474; baseline 0.003 -13"><span class='ocrx_word' id='word_1_25' title='bbox 137 423 172 460; x_wconf 89' lang='lat' dir='ltr'>B</span> <span class='ocrx_word' id='word_1_26' title='bbox 196 439 241 457; x_wconf 72' lang='lat' dir='ltr'><strong><em>z</em></strong></span> <span class='ocrx_word' id='word_1_27' title='bbox 265 422 384 461; x_wconf 81' lang='lat' dir='ltr'>codex</span> <span class='ocrx_word' id='word_1_28' title='bbox 418 423 613 474; x_wconf 82' lang='lat' dir='ltr'>quondam</span> <span class='ocrx_word' id='word_1_29' title='bbox 642 423 949 472; x_wconf 85' lang='lat' dir='ltr'>Gemblacensis‚</span> <span class='ocrx_word' id='word_1_30' title='bbox 979 438 1086 463; x_wconf 89' lang='lat' dir='ltr'>nunc</span> <span class='ocrx_word' id='word_1_31' title='bbox 1110 424 1379 464; x_wconf 75' lang='lat' dir='ltr'>Bruxeliensis</span> <span class='ocrx_word' id='word_1_32' title='bbox 1407 440 1515 464; x_wconf 88' lang='lat' dir='ltr'>num.</span> <span class='ocrx_word' id='word_1_33' title='bbox 1536 429 1641 465; x_wconf 73' lang='lat'><strong>5345</strong></span> <span class='ocrx_word' id='word_1_34' title='bbox 1663 441 1684 466; x_wconf 88' lang='lat' dir='ltr'>a</span> 
     </span>
     <span class='ocr_line' id='line_1_5' title="bbox 83 484 440 524; baseline 0.006 -2"><span class='ocrx_word' id='word_1_35' title='bbox 83 484 243 523; x_wconf 78' lang='lat' dir='ltr'>Baitero</span> <span class='ocrx_word' id='word_1_36' title='bbox 264 486 440 524; x_wconf 88' lang='lat' dir='ltr'>collatus.</span> 
     </span>
    </p>

    <p class='ocr_par' dir='ltr' id='par_1_4' title="bbox 137 546 1640 589">
     <span class='ocr_line' id='line_1_6' title="bbox 137 546 1640 589; baseline 0.003 -5"><span class='ocrx_word' id='word_1_37' title='bbox 137 546 176 584; x_wconf 88' lang='lat' dir='ltr'><strong>D</strong></span> <span class='ocrx_word' id='word_1_38' title='bbox 201 563 246 581; x_wconf 73' lang='lat' dir='ltr'><strong><em>z</em></strong></span> <span class='ocrx_word' id='word_1_39' title='bbox 271 547 389 585; x_wconf 81' lang='lat' dir='ltr'>codex</span> <span class='ocrx_word' id='word_1_40' title='bbox 414 547 621 586; x_wconf 78' lang='lat' dir='ltr'>Gudianus</span> <span class='ocrx_word' id='word_1_41' title='bbox 641 562 748 586; x_wconf 88' lang='lat' dir='ltr'>num.</span> <span class='ocrx_word' id='word_1_42' title='bbox 770 550 793 586; x_wconf 89' lang='lat'>2</span> <span class='ocrx_word' id='word_1_43' title='bbox 815 562 921 586; x_wconf 89' lang='lat' dir='ltr'>nunc</span> <span class='ocrx_word' id='word_1_44' title='bbox 941 548 984 587; x_wconf 89' lang='lat' dir='ltr'>in</span> <span class='ocrx_word' id='word_1_45' title='bbox 1002 548 1240 587; x_wconf 83' lang='lat' dir='ltr'>bibliotheca</span> <span class='ocrx_word' id='word_1_46' title='bbox 1259 549 1640 589; x_wconf 84' lang='lat' dir='ltr'>Wolfenbuttelana.</span> 
     </span>
    </p>

    <p class='ocr_par' dir='ltr' id='par_1_5' title="bbox 136 608 1390 650">
     <span class='ocr_line' id='line_1_7' title="bbox 136 608 1390 650; baseline 0.004 -5"><span class='ocrx_word' id='word_1_47' title='bbox 136 608 171 645; x_wconf 85' lang='lat' dir='ltr'>E</span> <span class='ocrx_word' id='word_1_48' title='bbox 195 625 239 641; x_wconf 93' lang='lat'><strong><em>=</em></strong></span> <span class='ocrx_word' id='word_1_49' title='bbox 262 609 382 646; x_wconf 83' lang='lat' dir='ltr'>codex</span> <span class='ocrx_word' id='word_1_50' title='bbox 402 609 647 647; x_wconf 85' lang='lat' dir='ltr'>Erfurtensis</span> <span class='ocrx_word' id='word_1_51' title='bbox 669 623 690 648; x_wconf 85' lang='lat' dir='ltr'>a</span> <span class='ocrx_word' id='word_1_52' title='bbox 705 610 913 649; x_wconf 87' lang='lat' dir='ltr'>Wundero</span> <span class='ocrx_word' id='word_1_53' title='bbox 934 615 974 649; x_wconf 89' lang='lat' dir='ltr'>et</span> <span class='ocrx_word' id='word_1_54' title='bbox 995 611 1194 649; x_wconf 86' lang='lat' dir='ltr'>Freundio</span> <span class='ocrx_word' id='word_1_55' title='bbox 1214 612 1390 650; x_wconf 86' lang='lat' dir='ltr'>collatus.</span> 
     </span>
    </p>

    <p class='ocr_par' dir='ltr' id='par_1_6' title="bbox 138 669 1456 712">
     <span class='ocr_line' id='line_1_8' title="bbox 138 669 1456 712; baseline 0.005 -6"><span class='ocrx_word' id='word_1_56' title='bbox 138 669 171 707; x_wconf 81' lang='lat' dir='ltr'><strong>F</strong></span> <span class='ocrx_word' id='word_1_57' title='bbox 196 686 239 702; x_wconf 93' lang='lat'><strong><em>=</em></strong></span> <span class='ocrx_word' id='word_1_58' title='bbox 264 670 383 707; x_wconf 81' lang='lat' dir='ltr'>codex</span> <span class='ocrx_word' id='word_1_59' title='bbox 405 670 615 708; x_wconf 85' lang='lat' dir='ltr'>Fuldensis</span> <span class='ocrx_word' id='word_1_60' title='bbox 637 684 735 709; x_wconf 89' lang='lat' dir='ltr'>saec.</span> <span class='ocrx_word' id='word_1_61' title='bbox 756 685 815 709; x_wconf 81' lang='lat' dir='ltr'>xv.</span> <span class='ocrx_word' id='word_1_62' title='bbox 837 672 884 709; x_wconf 85' lang='lat' dir='ltr'>ab</span> <span class='ocrx_word' id='word_1_63' title='bbox 905 673 1075 710; x_wconf 78' lang='lat' dir='ltr'>Ernesto</span> <span class='ocrx_word' id='word_1_64' title='bbox 1096 673 1259 711; x_wconf 84' lang='lat' dir='ltr'>Dronke</span> <span class='ocrx_word' id='word_1_65' title='bbox 1280 674 1456 712; x_wconf 80' lang='lat' dir='ltr'>collatus.</span> 
     </span>
    </p>

    <p class='ocr_par' dir='ltr' id='par_1_7' title="bbox 140 731 1684 775">
     <span class='ocr_line' id='line_1_9' title="bbox 140 731 1684 775; baseline 0.004 -6"><span class='ocrx_word' id='word_1_66' title='bbox 140 731 179 769; x_wconf 95' lang='lat' dir='ltr'>G</span> <span class='ocrx_word' id='word_1_67' title='bbox 201 748 246 765; x_wconf 71' lang='grc' dir='ltr'>Ξ</span> <span class='ocrx_word' id='word_1_68' title='bbox 270 731 390 770; x_wconf 89' lang='lat' dir='ltr'>codex</span> <span class='ocrx_word' id='word_1_69' title='bbox 413 731 620 770; x_wconf 76' lang='lat' dir='ltr'>Gudianus</span> <span class='ocrx_word' id='word_1_70' title='bbox 640 746 747 770; x_wconf 88' lang='lat' dir='ltr'>num.</span> <span class='ocrx_word' id='word_1_71' title='bbox 770 735 846 770; x_wconf 86' lang='lat'>335</span> <span class='ocrx_word' id='word_1_72' title='bbox 870 747 969 771; x_wconf 82' lang='lat' dir='ltr'>saec.</span> <span class='ocrx_word' id='word_1_73' title='bbox 990 747 1027 772; x_wconf 89' lang='lat' dir='ltr'>x.</span> <span class='ocrx_word' id='word_1_74' title='bbox 1050 747 1156 773; x_wconf 87' lang='lat' dir='ltr'>nunc</span> <span class='ocrx_word' id='word_1_75' title='bbox 1182 734 1225 772; x_wconf 88' lang='lat' dir='ltr'>in</span> <span class='ocrx_word' id='word_1_76' title='bbox 1255 735 1491 774; x_wconf 71' lang='lat' dir='ltr'>bibliotheca</span> <span class='ocrx_word' id='word_1_77' title='bbox 1506 737 1684 775; x_wconf 56' lang='lat' dir='ltr'>YVolfen-</span> 
     </span>
    </p>
   </div>
   <div class='ocr_carea' id='block_1_4' title="bbox 83 791 1684 893">
    <p class='ocr_par' dir='ltr' id='par_1_8' title="bbox 83 791 1684 893">
     <span class='ocr_line' id='line_1_10' title="bbox 83 791 1684 837; baseline 0.005 -8"><span class='ocrx_word' id='word_1_78' title='bbox 83 791 300 831; x_wconf 87' lang='lat' dir='ltr'>buttelana.</span> <span class='ocrx_word' id='word_1_79' title='bbox 379 793 503 831; x_wconf 81' lang='lat' dir='ltr'>Hunc</span> <span class='ocrx_word' id='word_1_80' title='bbox 537 797 577 832; x_wconf 92' lang='lat' dir='ltr'>et</span> <span class='ocrx_word' id='word_1_81' title='bbox 615 793 843 832; x_wconf 79' lang='lat' dir='ltr'>Gudianum</span> <span class='ocrx_word' id='word_1_82' title='bbox 882 795 1099 833; x_wconf 86' lang='lat' dir='ltr'>secundum</span> <span class='ocrx_word' id='word_1_83' title='bbox 1136 796 1187 834; x_wconf 90' lang='lat' dir='ltr'>A.</span> <span class='ocrx_word' id='word_1_84' title='bbox 1223 796 1503 836; x_wconf 86' lang='lat' dir='ltr'>Fleckeisenus</span> <span class='ocrx_word' id='word_1_85' title='bbox 1541 798 1684 837; x_wconf 88' lang='lat' dir='ltr'>iterum</span> 
     </span>
     <span class='ocr_line' id='line_1_11' title="bbox 85 854 269 893; baseline 0.005 -2"><span class='ocrx_word' id='word_1_86' title='bbox 85 854 269 893; x_wconf 73' lang='lat' dir='ltr'>excussit.</span> 
     </span>
    </p>
   </div>
   <div class='ocr_carea' id='block_1_5' title="bbox 84 914 1685 1094">
    <p class='ocr_par' dir='ltr' id='par_1_9' title="bbox 84 914 1685 1094">
     <span class='ocr_line' id='line_1_12' title="bbox 138 914 1279 966; baseline 0.004 -14"><span class='ocrx_word' id='word_1_87' title='bbox 138 915 177 952; x_wconf 80' lang='lat' dir='ltr'>R</span> <span class='ocrx_word' id='word_1_88' title='bbox 200 931 244 949; x_wconf 69' lang='grc' dir='ltr'>Ξ</span> <span class='ocrx_word' id='word_1_89' title='bbox 268 914 388 953; x_wconf 81' lang='lat' dir='ltr'>codex</span> <span class='ocrx_word' id='word_1_90' title='bbox 411 915 682 963; x_wconf 84' lang='lat' dir='ltr'>Oehlerianus‚</span> <span class='ocrx_word' id='word_1_91' title='bbox 702 930 810 955; x_wconf 87' lang='lat' dir='ltr'>nunc</span> <span class='ocrx_word' id='word_1_92' title='bbox 834 917 1045 966; x_wconf 84' lang='lat' dir='ltr'>Gissensis‚</span> <span class='ocrx_word' id='word_1_93' title='bbox 1067 932 1165 957; x_wconf 83' lang='lat' dir='ltr'>saec.</span> <span class='ocrx_word' id='word_1_94' title='bbox 1185 918 1279 957; x_wconf 86' lang='lat' dir='ltr'>xiiii.</span> 
     </span>
     <span class='ocr_line' id='line_1_13' title="bbox 140 976 1685 1028; baseline 0.006 -15"><span class='ocrx_word' id='word_1_95' title='bbox 140 976 165 1013; x_wconf 92' lang='lat' dir='ltr'>S</span> <span class='ocrx_word' id='word_1_96' title='bbox 189 993 234 1010; x_wconf 76' lang='lat' dir='ltr'>z:</span> <span class='ocrx_word' id='word_1_97' title='bbox 257 977 377 1015; x_wconf 83' lang='lat' dir='ltr'>codex</span> <span class='ocrx_word' id='word_1_98' title='bbox 407 977 714 1028; x_wconf 83' lang='lat' dir='ltr'>Salisburgensis</span> <span class='ocrx_word' id='word_1_99' title='bbox 747 978 898 1017; x_wconf 85' lang='lat' dir='ltr'>aulicus</span> <span class='ocrx_word' id='word_1_100' title='bbox 929 993 968 1017; x_wconf 89' lang='lat' dir='ltr'>n.</span> <span class='ocrx_word' id='word_1_101' title='bbox 999 982 1063 1027; x_wconf 78' lang='lat'>34,</span> <span class='ocrx_word' id='word_1_102' title='bbox 1094 994 1201 1018; x_wconf 91' lang='lat' dir='ltr'>nunc</span> <span class='ocrx_word' id='word_1_103' title='bbox 1230 981 1484 1021; x_wconf 84' lang='lat' dir='ltr'>Monacensis</span> <span class='ocrx_word' id='word_1_104' title='bbox 1515 983 1685 1022; x_wconf 83' lang='lat' dir='ltr'>Latinus</span> 
     </span>
     <span class='ocr_line' id='line_1_14' title="bbox 84 1038 1377 1094; baseline 0.004 -18"><span class='ocrx_word' id='word_1_105' title='bbox 84 1051 192 1076; x_wconf 85' lang='lat' dir='ltr'>num.</span> <span class='ocrx_word' id='word_1_106' title='bbox 214 1038 357 1077; x_wconf 75' lang='lat'>15734.</span> <span class='ocrx_word' id='word_1_107' title='bbox 415 1040 538 1078; x_wconf 90' lang='lat' dir='ltr'>Hunc</span> <span class='ocrx_word' id='word_1_108' title='bbox 558 1043 598 1078; x_wconf 92' lang='lat' dir='ltr'>et</span> <span class='ocrx_word' id='word_1_109' title='bbox 621 1040 845 1078; x_wconf 85' lang='lat' dir='ltr'>Oehleriani</span> <span class='ocrx_word' id='word_1_110' title='bbox 864 1040 1053 1079; x_wconf 85' lang='lat' dir='ltr'>lectiones</span> <span class='ocrx_word' id='word_1_111' title='bbox 1073 1042 1157 1094; x_wconf 87' lang='lat' dir='ltr'>ipse</span> <span class='ocrx_word' id='word_1_112' title='bbox 1179 1043 1377 1094; x_wconf 86' lang='lat' dir='ltr'>exscripsi.</span> 
     </span>
    </p>
   </div>
   <div class='ocr_carea' id='block_1_6' title="bbox 87 1100 1684 1212">
    <p class='ocr_par' dir='ltr' id='par_1_10' title="bbox 87 1100 1684 1212">
     <span class='ocr_line' id='line_1_15' title="bbox 141 1100 1684 1156; baseline 0.005 -19"><span class='ocrx_word' id='word_1_113' title='bbox 141 1100 171 1138; x_wconf 86' lang='lat' dir='ltr'>C</span> <span class='ocrx_word' id='word_1_114' title='bbox 197 1117 241 1134; x_wconf 69' lang='lat' dir='ltr'><strong><em>z</em></strong></span> <span class='ocrx_word' id='word_1_115' title='bbox 264 1101 299 1137; x_wconf 87' lang='lat' dir='ltr'><strong>B</strong></span> <span class='ocrx_word' id='word_1_116' title='bbox 320 1101 358 1138; x_wconf 93' lang='lat' dir='ltr'>D</span> <span class='ocrx_word' id='word_1_117' title='bbox 379 1101 414 1138; x_wconf 87' lang='lat' dir='ltr'>E</span> <span class='ocrx_word' id='word_1_118' title='bbox 435 1101 471 1149; x_wconf 83' lang='lat' dir='ltr'>S,</span> <span class='ocrx_word' id='word_1_119' title='bbox 492 1101 540 1139; x_wconf 88' lang='lat' dir='ltr'>ad</span> <span class='ocrx_word' id='word_1_120' title='bbox 569 1116 684 1152; x_wconf 85' lang='lat' dir='ltr'>quam</span> <span class='ocrx_word' id='word_1_121' title='bbox 704 1102 888 1140; x_wconf 84' lang='lat' dir='ltr'>familiam</span> <span class='ocrx_word' id='word_1_122' title='bbox 913 1103 1030 1141; x_wconf 89' lang='lat' dir='ltr'>etiam</span> <span class='ocrx_word' id='word_1_123' title='bbox 1058 1104 1232 1155; x_wconf 74' lang='lat' dir='ltr'>pertinet:</span> <span class='ocrx_word' id='word_1_124' title='bbox 1262 1104 1463 1143; x_wconf 85' lang='lat' dir='ltr'>Parisinus</span> <span class='ocrx_word' id='word_1_125' title='bbox 1482 1105 1533 1144; x_wconf 87' lang='lat' dir='ltr'>xi.</span> <span class='ocrx_word' id='word_1_126' title='bbox 1558 1107 1684 1156; x_wconf 87' lang='lat' dir='ltr'>(num.</span> 
     </span>
     <span class='ocr_line' id='line_1_16' title="bbox 87 1160 818 1212; baseline 0.003 -13"><span class='ocrx_word' id='word_1_127' title='bbox 87 1160 163 1200; x_wconf 86' lang='lat'>177</span> <span class='ocrx_word' id='word_1_128' title='bbox 168 1162 209 1211; x_wconf 82' lang='lat'>8)</span> <span class='ocrx_word' id='word_1_129' title='bbox 234 1175 309 1212; x_wconf 89' lang='lat' dir='ltr'>quo</span> <span class='ocrx_word' id='word_1_130' title='bbox 329 1176 424 1200; x_wconf 85' lang='lat' dir='ltr'>usus</span> <span class='ocrx_word' id='word_1_131' title='bbox 446 1167 506 1200; x_wconf 85' lang='lat' dir='ltr'>est</span> <span class='ocrx_word' id='word_1_132' title='bbox 527 1163 818 1201; x_wconf 88' lang='lat' dir='ltr'>Steinmetzius.</span> 
     </span>
    </p>
   </div>
   <div class='ocr_carea' id='block_1_7' title="bbox 85 1223 1683 1526">
    <p class='ocr_par' dir='ltr' id='par_1_11' title="bbox 139 1223 687 1263">
     <span class='ocr_line' id='line_1_17' title="bbox 139 1223 687 1263; baseline 0.005 -3"><span class='ocrx_word' id='word_1_133' title='bbox 139 1223 687 1263; x_wconf 83' lang='lat' dir='ltr'>mei=BDEFGRS.</span> 
     </span>
    </p>

    <p class='ocr_par' dir='ltr' id='par_1_12' title="bbox 89 1284 1683 1399">
     <span class='ocr_line' id='line_1_18' title="bbox 143 1284 1683 1338; baseline 0.006 -16"><span class='ocrx_word' id='word_1_134' title='bbox 143 1284 214 1322; x_wconf 85' lang='lat' dir='ltr'>Col</span> <span class='ocrx_word' id='word_1_135' title='bbox 237 1302 282 1319; x_wconf 72' lang='lat' dir='ltr'><em>z</em></span> <span class='ocrx_word' id='word_1_136' title='bbox 308 1286 553 1324; x_wconf 81' lang='lat' dir='ltr'>Coloniensis</span> <span class='ocrx_word' id='word_1_137' title='bbox 576 1286 746 1334; x_wconf 84' lang='lat' dir='ltr'>Graevii,</span> <span class='ocrx_word' id='word_1_138' title='bbox 766 1300 788 1324; x_wconf 84' lang='lat' dir='ltr'>a</span> <span class='ocrx_word' id='word_1_139' title='bbox 812 1300 888 1338; x_wconf 90' lang='lat' dir='ltr'>quo</span> <span class='ocrx_word' id='word_1_140' title='bbox 914 1287 1091 1327; x_wconf 86' lang='lat' dir='ltr'>diversus</span> <span class='ocrx_word' id='word_1_141' title='bbox 1111 1289 1268 1329; x_wconf 87' lang='lat' dir='ltr'>videtur</span> <span class='ocrx_word' id='word_1_142' title='bbox 1295 1290 1416 1330; x_wconf 84' lang='lat' dir='ltr'>fuisse</span> <span class='ocrx_word' id='word_1_143' title='bbox 1439 1291 1683 1331; x_wconf 84' lang='lat' dir='ltr'>Coloniensis</span> 
     </span>
     <span class='ocr_line' id='line_1_19' title="bbox 89 1347 1025 1399; baseline 0.002 -13"><span class='ocrx_word' id='word_1_144' title='bbox 89 1347 288 1395; x_wconf 87' lang='lat' dir='ltr'>Gulielmi‚</span> <span class='ocrx_word' id='word_1_145' title='bbox 310 1348 421 1399; x_wconf 87' lang='lat' dir='ltr'>cujus</span> <span class='ocrx_word' id='word_1_146' title='bbox 442 1348 594 1386; x_wconf 80' lang='lat' dir='ltr'>schedis</span> <span class='ocrx_word' id='word_1_147' title='bbox 617 1349 814 1387; x_wconf 84' lang='lat' dir='ltr'>Gruterus</span> <span class='ocrx_word' id='word_1_148' title='bbox 834 1363 931 1387; x_wconf 85' lang='lat' dir='ltr'>usus</span> <span class='ocrx_word' id='word_1_149' title='bbox 951 1354 1025 1389; x_wconf 90' lang='lat' dir='ltr'>est.</span> 
     </span>
    </p>

    <p class='ocr_par' dir='ltr' id='par_1_13' title="bbox 85 1409 1683 1526">
     <span class='ocr_line' id='line_1_20' title="bbox 141 1409 1682 1462; baseline 0.005 -16"><span class='ocrx_word' id='word_1_150' title='bbox 141 1409 302 1447; x_wconf 85' lang='lat' dir='ltr'>Praeter</span> <span class='ocrx_word' id='word_1_151' title='bbox 321 1409 415 1447; x_wconf 85' lang='lat' dir='ltr'>haec</span> <span class='ocrx_word' id='word_1_152' title='bbox 444 1409 617 1447; x_wconf 84' lang='lat' dir='ltr'>subsidia</span> <span class='ocrx_word' id='word_1_153' title='bbox 640 1410 688 1447; x_wconf 92' lang='lat' dir='ltr'>ad</span> <span class='ocrx_word' id='word_1_154' title='bbox 715 1424 874 1448; x_wconf 81' lang='lat' dir='ltr'>manum</span> <span class='ocrx_word' id='word_1_155' title='bbox 903 1411 1110 1450; x_wconf 85' lang='lat' dir='ltr'>habuimus</span> <span class='ocrx_word' id='word_1_156' title='bbox 1130 1413 1451 1452; x_wconf 87' lang='lat' dir='ltr'>commentarium</span> <span class='ocrx_word' id='word_1_157' title='bbox 1478 1414 1682 1462; x_wconf 89' lang='lat' dir='ltr'>ineditum,</span> 
     </span>
     <span class='ocr_line' id='line_1_21' title="bbox 85 1471 1683 1526; baseline 0.004 -18"><span class='ocrx_word' id='word_1_158' title='bbox 85 1483 201 1521; x_wconf 86' lang='lat' dir='ltr'>quem</span> <span class='ocrx_word' id='word_1_159' title='bbox 235 1471 427 1510; x_wconf 87' lang='lat' dir='ltr'>Garatoni</span> <span class='ocrx_word' id='word_1_160' title='bbox 451 1472 530 1509; x_wconf 88' lang='lat' dir='ltr'>fere</span> <span class='ocrx_word' id='word_1_161' title='bbox 561 1472 779 1522; x_wconf 85' lang='lat' dir='ltr'>perfectum</span> <span class='ocrx_word' id='word_1_162' title='bbox 805 1472 845 1509; x_wconf 91' lang='lat' dir='ltr'>in</span> <span class='ocrx_word' id='word_1_163' title='bbox 876 1473 1027 1511; x_wconf 87' lang='lat' dir='ltr'>schedis</span> <span class='ocrx_word' id='word_1_164' title='bbox 1057 1475 1137 1512; x_wconf 86' lang='lat' dir='ltr'>suis</span> <span class='ocrx_word' id='word_1_165' title='bbox 1162 1475 1331 1526; x_wconf 88' lang='lat' dir='ltr'>reliquit.</span> <span class='ocrx_word' id='word_1_166' title='bbox 1388 1476 1597 1514; x_wconf 86' lang='lat' dir='ltr'>Lectiones</span> <span class='ocrx_word' id='word_1_167' title='bbox 1622 1490 1683 1515; x_wconf 88' lang='lat' dir='ltr'>co-</span> 
     </span>
    </p>
   </div>
   <div class='ocr_carea' id='block_1_8' title="bbox 86 1531 1682 1644">
    <p class='ocr_par' dir='ltr' id='par_1_14' title="bbox 86 1531 1682 1644">
     <span class='ocr_line' id='line_1_22' title="bbox 86 1531 1682 1589; baseline 0.005 -20"><span class='ocrx_word' id='word_1_168' title='bbox 86 1531 215 1570; x_wconf 85' lang='lat' dir='ltr'>dicum</span> <span class='ocrx_word' id='word_1_169' title='bbox 236 1533 534 1570; x_wconf 87' lang='lat' dir='ltr'>Monacensium</span> <span class='ocrx_word' id='word_1_170' title='bbox 563 1537 602 1570; x_wconf 91' lang='lat' dir='ltr'>et</span> <span class='ocrx_word' id='word_1_171' title='bbox 633 1534 984 1574; x_wconf 83' lang='lat' dir='ltr'>Helmstadtiensis</span> <span class='ocrx_word' id='word_1_172' title='bbox 1009 1535 1149 1574; x_wconf 88' lang='lat' dir='ltr'>insunt</span> <span class='ocrx_word' id='word_1_173' title='bbox 1179 1537 1220 1574; x_wconf 89' lang='lat' dir='ltr'>in</span> <span class='ocrx_word' id='word_1_174' title='bbox 1241 1537 1411 1576; x_wconf 88' lang='lat' dir='ltr'>editione</span> <span class='ocrx_word' id='word_1_175' title='bbox 1432 1539 1536 1589; x_wconf 85' lang='lat' dir='ltr'>Aug.</span> <span class='ocrx_word' id='word_1_176' title='bbox 1566 1539 1599 1576; x_wconf 86' lang='lat' dir='ltr'>F</span> <span class='ocrx_word' id='word_1_177' title='bbox 1602 1538 1682 1577; x_wconf 89' lang='lat' dir='ltr'>erd.</span> 
     </span>
     <span class='ocr_line' id='line_1_23' title="bbox 86 1592 722 1644; baseline 0.003 -13"><span class='ocrx_word' id='word_1_178' title='bbox 86 1592 244 1632; x_wconf 85' lang='lat' dir='ltr'>Soldani</span> <span class='ocrx_word' id='word_1_179' title='bbox 268 1594 503 1644; x_wconf 86' lang='lat' dir='ltr'>(Hanoviae‚</span> <span class='ocrx_word' id='word_1_180' title='bbox 526 1596 642 1642; x_wconf 78' lang='lat'><strong>1836,</strong></span> <span class='ocrx_word' id='word_1_181' title='bbox 664 1595 722 1644; x_wconf 85' lang='grc'>8).</span> 
     </span>
    </p>
   </div>
   <div class='ocr_carea' id='block_1_9' title="bbox 85 1716 1682 1834">
    <p class='ocr_par' dir='ltr' id='par_1_15' title="bbox 85 1716 1682 1834">
     <span class='ocr_line' id='line_1_24' title="bbox 139 1716 1682 1773; baseline 0.005 -19"><span class='ocrx_word' id='word_1_182' title='bbox 139 1717 265 1755; x_wconf 81' lang='lat' dir='ltr'>There</span> <span class='ocrx_word' id='word_1_183' title='bbox 283 1716 317 1755; x_wconf 91' lang='lat' dir='ltr'>is</span> <span class='ocrx_word' id='word_1_184' title='bbox 337 1716 417 1755; x_wconf 81' lang='lat' dir='ltr'>also</span> <span class='ocrx_word' id='word_1_185' title='bbox 438 1730 485 1755; x_wconf 88' lang='lat' dir='ltr'>an</span> <span class='ocrx_word' id='word_1_186' title='bbox 508 1716 656 1755; x_wconf 89' lang='lat' dir='ltr'>edition</span> <span class='ocrx_word' id='word_1_187' title='bbox 676 1717 721 1756; x_wconf 89' lang='lat' dir='ltr'>of</span> <span class='ocrx_word' id='word_1_188' title='bbox 734 1718 814 1756; x_wconf 89' lang='lat' dir='ltr'>this</span> <span class='ocrx_word' id='word_1_189' title='bbox 835 1718 988 1757; x_wconf 86' lang='lat' dir='ltr'>oration</span> <span class='ocrx_word' id='word_1_190' title='bbox 1007 1719 1059 1771; x_wconf 83' lang='lat' dir='ltr'>by</span> <span class='ocrx_word' id='word_1_191' title='bbox 1074 1720 1196 1758; x_wconf 84' lang='lat' dir='ltr'>Halm</span> <span class='ocrx_word' id='word_1_192' title='bbox 1217 1723 1333 1769; x_wconf 82' lang='lat'>1853,</span> <span class='ocrx_word' id='word_1_193' title='bbox 1353 1721 1449 1760; x_wconf 73' lang='lat' dir='ltr'>with</span> <span class='ocrx_word' id='word_1_194' title='bbox 1468 1736 1491 1761; x_wconf 84' lang='lat' dir='ltr'>a</span> <span class='ocrx_word' id='word_1_195' title='bbox 1511 1723 1682 1773; x_wconf 82' lang='lat' dir='ltr'>Preface,</span> 
     </span>
     <span class='ocr_line' id='line_1_25' title="bbox 85 1778 1495 1834; baseline 0.003 -16"><span class='ocrx_word' id='word_1_196' title='bbox 85 1778 210 1818; x_wconf 84' lang='lat' dir='ltr'>which</span> <span class='ocrx_word' id='word_1_197' title='bbox 230 1779 252 1816; x_wconf 90' lang='lat' dir='ltr'>I</span> <span class='ocrx_word' id='word_1_198' title='bbox 272 1778 368 1818; x_wconf 87' lang='lat' dir='ltr'>have</span> <span class='ocrx_word' id='word_1_199' title='bbox 387 1779 483 1818; x_wconf 86' lang='lat' dir='ltr'>used</span> <span class='ocrx_word' id='word_1_200' title='bbox 505 1779 698 1830; x_wconf 86' lang='lat' dir='ltr'>(Cicero’s</span> <span class='ocrx_word' id='word_1_201' title='bbox 717 1781 998 1831; x_wconf 68' lang='lat' dir='ltr'>Ausgewahlte</span> <span class='ocrx_word' id='word_1_202' title='bbox 1018 1782 1167 1831; x_wconf 83' lang='lat' dir='ltr'>Reden,</span> <span class='ocrx_word' id='word_1_203' title='bbox 1189 1783 1334 1822; x_wconf 78' lang='lat' dir='ltr'>Zweite</span> <span class='ocrx_word' id='word_1_204' title='bbox 1354 1784 1495 1834; x_wconf 72' lang='lat' dir='ltr'>Aust).</span> 
     </span>
    </p>
   </div>
  </div>
 </body>
</html>
