1816 3211
700 190 832 233 GAP.
865 192 930 241 12,
955 193 1022 233 13.
1575 197 1654 237 549

68 308 249 360 perator,
285 319 387 360 quas
428 304 529 345 fecit
568 309 734 359 strages
766 303 1016 359 ubicumque
1051 304 1191 359 posuit
1224 304 1416 360 vestigia.
1493 304 1655 347 Fundit

66 369 318 422 apothecas,
354 370 490 411 caedit
512 384 661 425 greges
680 374 964 410 armentorum
984 369 1212 425 reliquique
1234 370 1409 425 pecoris,
1427 371 1655 425 quodcum-

68 448 148 488 que
169 438 318 475 nactus
340 439 427 476 est:
463 435 682 490 epulantur
702 434 880 475 milites:
913 434 1001 489 ipse
1031 440 1176 475 autem
1205 448 1261 483 se,
1285 440 1333 475 ut
1362 434 1537 475 fratrem
1567 434 1656 475 imi-

66 502 193 547 tetur,
205 498 346 539 obruit
358 498 477 539 vino:
502 503 723 540 vastantur
735 498 849 553 agri:
874 498 1124 553 diripiuntur
1137 499 1279 540 villae:
1305 498 1653 549 matresfamilias,

66 562 257 617 virgines,
282 563 396 618 pueri
427 563 595 617 ingenui
626 563 901 618 abripiuntur,
924 563 1124 604 militibus
1146 564 1382 604 traduntur.
1446 563 1566 604 Haec
1589 578 1655 604 ea-

67 627 163 667 dem
194 642 453 682 quacumque
484 628 716 668 exercitum
748 628 870 668 duxit
900 627 1000 668 fecit
1022 628 1085 669 M.
1111 628 1336 669 Antonius.
1399 627 1537 668 XIII.
1573 627 1657 668 His

68 706 139 732 vos
160 692 412 733 taeterrimis
432 692 631 732 fratribus
658 697 802 746 portas
823 692 1031 746 aperietis,
1049 692 1126 732 hos
1146 708 1343 748 umquam
1364 692 1405 733 in
1426 693 1571 733 urbem
1592 706 1657 732 re-

67 756 259 811 cipietis?
289 771 371 797 non
393 761 581 811 tempore
603 757 758 806 oblato,
784 757 958 798 ducibus
986 758 1158 812 paratis,
1181 758 1329 798 animis
1349 757 1526 798 militum
1556 756 1656 797 inci-

11 833 16 838 *
66 821 181 871 tatis,
199 822 352 877 populo
375 821 567 862 Romano
589 821 868 876 conspirante,
894 822 1019 863 Italia
1039 827 1133 864 tota
1152 822 1206 862 ad
1224 822 1463 863 libertatem
1483 836 1657 876 recupe-

66 887 241 926 randam
261 886 461 936 excitata,
495 886 668 926 deorum
689 886 983 927 immortalium
1004 887 1204 928 beneficio
1226 887 1429 928 utemini?
1486 886 1656 926 Nullum

67 951 150 993 erit
180 956 346 1007 tempus
377 951 456 992 hoc
483 951 649 992 amisso.
721 951 761 991 A
779 956 911 1006 tergo,
940 951 1003 1006 [a]
1036 952 1186 1002 fronte,
1219 951 1282 1006 [a]
1306 951 1508 992 lateribus
1539 955 1657 991 tene-

66 1016 192 1065 bitur,
215 1016 250 1056 si
280 1017 322 1056 in
346 1016 525 1057 Galliam
545 1015 719 1057 venerit.
783 1015 822 1055 N
826 1030 873 1056 ec
904 1016 970 1057 ille
995 1017 1122 1057 armis
1149 1017 1296 1066 solum,
1318 1016 1392 1057 sed
1413 1016 1541 1057 etiam
1561 1029 1657 1055 nos-

65 1080 146 1122 tris
167 1081 349 1122 decretis
378 1080 592 1136 urgendus
622 1085 700 1122 est.
764 1080 926 1135 Magna
947 1081 1008 1122 vis
1035 1086 1113 1130 est,
1135 1096 1334 1136 magnum
1353 1095 1507 1121 numen
1528 1094 1657 1120 unum

67 1149 110 1186 et
140 1145 249 1186 idem
279 1145 500 1187 sentientis
532 1150 716 1186 senatus.
781 1144 1001 1186 Videtisne
1033 1146 1233 1187 refertum
1266 1146 1412 1196 forum,
1442 1145 1657 1200 populum-

67 1224 146 1265 que
169 1210 404 1250 Romanum
424 1211 476 1250 ad
506 1224 623 1265 spem
644 1211 953 1264 recuperandae
983 1211 1190 1251 libertatis
1212 1215 1407 1259 erectum,
1431 1210 1501 1265 qui
1531 1210 1657 1264 longo

67 1274 284 1315 intervallo
306 1289 432 1329 quum
454 1275 696 1329 frequentes
727 1275 794 1316 hic
817 1275 929 1317 videt
960 1290 1048 1324 nos,
1072 1280 1163 1317 tum
1184 1280 1326 1330 sperat
1348 1275 1476 1316 etiam
1505 1275 1658 1315 liberos

67 1339 336 1380 convenisse?
397 1339 524 1379 Hunc
546 1354 624 1393 ego
647 1339 755 1379 diem
773 1345 1024 1394 exspectans
1043 1340 1104 1380 M.
1121 1340 1299 1381 Antonii
1321 1340 1523 1380 scelerata
1542 1353 1660 1379 arma

66 1403 193 1444 vitavi
214 1409 305 1445 tum
327 1419 453 1459 quum
474 1404 541 1445 ille
562 1404 602 1444 in
632 1419 697 1444 me
728 1405 945 1444 absentem
975 1404 1172 1446 invehens
1202 1420 1285 1445 non
1316 1404 1576 1458 intelligebat
1604 1402 1659 1443 ad

66 1468 178 1523 quod
198 1473 364 1523 tempus
385 1484 450 1509 me
472 1473 515 1510 et
538 1483 652 1509 meas
672 1468 782 1508 vires
803 1483 1070 1509 reservarem.
1134 1469 1178 1510 Si
1200 1469 1310 1510 enim
1330 1474 1420 1510 tum
1442 1468 1497 1508 illi
1520 1467 1659 1508 caedis

66 1548 91 1573 a
126 1547 191 1572 me
222 1533 387 1573 initium
420 1533 635 1587 quaerenti
669 1534 919 1587 respondere
955 1533 1188 1582 voluissem,
1224 1548 1334 1574 nunc
1369 1533 1427 1574 rei
1468 1532 1659 1588 publicae

66 1597 281 1638 consulere
297 1612 380 1638 non
396 1612 574 1652 possem.
628 1596 754 1638 Hanc
768 1612 864 1638 vero
882 1603 1031 1638 nactus
1046 1598 1293 1639 facultatem
1309 1598 1467 1638 nullum
1481 1603 1658 1652 tempus,

65 1666 208 1716 patres
230 1662 469 1717 conscripti,
495 1661 707 1703 dimittam
737 1676 870 1716 neque
901 1662 1094 1702 diurnum
1122 1677 1254 1717 neque
1276 1668 1536 1712 nocturnum,
1560 1661 1660 1717 quin

66 1727 117 1767 de
138 1726 334 1775 libertate
356 1727 496 1782 populi
524 1726 702 1767 Romani
723 1731 767 1767 et
790 1726 996 1782 dignitate
1017 1733 1158 1767 vestra
1180 1727 1291 1782 quod
1313 1727 1583 1781 cogitandum
1603 1726 1659 1767 sit

66 1791 261 1845 cogitem,
280 1792 389 1847 quod
411 1792 619 1846 agendum
640 1797 767 1846 atque
784 1791 1030 1842 faciendum,
1050 1791 1091 1832 id
1112 1806 1194 1832 non
1216 1792 1338 1832 modo
1356 1806 1438 1831 non
1456 1806 1657 1842 recusem,

66 1856 139 1897 sed
160 1856 287 1897 etiam
308 1862 503 1911 appetam
530 1863 656 1912 atque
687 1857 922 1912 deposcam.
985 1856 1083 1898 Hoc
1114 1856 1206 1905 feci,
1229 1857 1328 1896 dum
1357 1855 1499 1896 licuit:
1533 1856 1661 1897 inter-

66 1920 174 1970 misi,
199 1921 335 1975 quoad
357 1935 440 1961 non
461 1921 592 1962 licuit.
644 1921 674 1961 J
678 1936 746 1962 am
767 1936 850 1962 non
872 1922 1005 1962 solum
1025 1921 1136 1968 licet,
1150 1922 1224 1962 sed
1245 1921 1373 1962 etiam
1394 1935 1564 1962 necesse
1581 1926 1659 1972 est,

67 1984 146 2025 nisi
166 1985 321 2026 servire
341 1986 545 2026 malumus
563 2001 687 2041 quam
708 2001 759 2027 ne
780 1986 1009 2027 serviamus
1029 1986 1155 2027 armis
1176 1986 1408 2041 animisque
1425 1986 1660 2027 decernere.

70 2048 141 2089 Dii
163 2048 417 2090 immortales
438 2050 558 2091 nobis
579 2050 682 2091 haec
703 2050 911 2105 praesidia
928 2051 1132 2091 dederunt
1149 2068 1157 2092 ε
1191 2051 1283 2091 urbi
1305 2051 1536 2101 Caesarem,
1557 2051 1661 2091 Bru-

66 2118 157 2155 tum
186 2113 359 2153 Galliae.
423 2113 467 2153 Si
501 2114 610 2154 enim
647 2115 714 2156 ille
747 2115 893 2155 urbem
929 2115 1163 2169 opprimere
1195 2115 1402 2170 potuisset
1434 2116 1590 2164 statim,
1625 2115 1661 2155 si

69 2177 245 2218 Galliam
286 2182 441 2227 tenere,
480 2178 618 2232 paullo
658 2183 756 2233 post
798 2179 956 2233 optimo
997 2179 1144 2234 cuique
1184 2179 1452 2234 pereundum,
1491 2179 1660 2234 reliquis

68 2273 181 2304 should
193 2273 233 2304 be
246 2276 253 2290 ‘
268 2273 492 2304 murmillone.'
537 2275 671 2305 Juvenal
687 2276 844 2305 mentions

69 2317 131 2346 this
155 2316 231 2346 kind
248 2317 284 2346 of
300 2317 452 2356 gladiator
469 2316 546 2357 (viii.
568 2328 596 2348 v.
615 2318 703 2357 200).
749 2318 794 2347 As
811 2323 843 2348 to

70 2359 109 2390 L.
128 2359 298 2395 Antonius,
326 2369 378 2389 see
406 2359 485 2389 Phil.
512 2360 563 2389 vii.
589 2370 616 2390 c.
639 2360 842 2390 ss.—‘sccit:'

69 2403 78 2418 ‘
91 2402 194 2432 effecit
208 2401 214 2414 ¹
236 2402 341 2438 Halm,
360 2405 367 2418 ¹
381 2402 518 2432 effecerit
530 2402 537 2414 ’
554 2402 594 2432 V.

112 2445 234 2474 Fundit
262 2444 449 2483 apothecas]
478 2445 614 2475 Ernesti.
660 2445 730 2475 The
746 2445 847 2475 words

888 2275 975 2305 mine
991 2285 1114 2315 semper
1129 2276 1327 2306 observatum
1343 2275 1375 2312 ;”
1398 2275 1459 2305 aud
1476 2276 1542 2305 also
1558 2279 1591 2305 to
1607 2276 1662 2306 the

889 2318 996 2351 Quum
1016 2318 1147 2357 Populo,
1165 2329 1190 2348 c.
1205 2321 1234 2353 8.
1251 2319 1312 2348 and
1329 2329 1355 2349 c.
1378 2320 1425 2354 10,
1444 2319 1514 2349 Vol.
1531 2319 1573 2348 iii.

936 2361 1113 2400 Videtisne]
1162 2361 1327 2391 Manutius
1343 2361 1500 2391 remarks:
1528 2361 1661 2392 “there-

887 2402 952 2433 fore
975 2404 1028 2432 the
1051 2403 1144 2433 doors
1159 2404 1194 2433 of
1215 2404 1270 2434 the
1289 2404 1458 2444 Templum
1475 2414 1555 2434 were
1578 2414 1660 2444 open

891 2445 922 2474 in
947 2446 1048 2475 which
1076 2447 1130 2476 the
1157 2450 1263 2477 senate
1288 2451 1348 2483 sat,
1375 2447 1474 2477 which
1501 2457 1581 2477 were
1605 2451 1661 2478 not

68 2497 121 2517 are
137 2487 270 2516 omitted
287 2487 318 2516 in
335 2487 389 2516 the
407 2487 514 2523 MSS„
533 2487 589 2517 but
611 2488 685 2527 they
709 2498 760 2517 arc
777 2498 846 2527 pre-

68 2529 176 2560 served
204 2529 246 2568 by
274 2530 409 2564 Servius.
436 2530 485 2559 Ad
511 2530 597 2567 Virg.
625 2531 692 2560 Ecl.
724 2531 764 2559 vi.
782 2532 843 2559 55:

68 2572 149 2602 “Sic
161 2572 270 2602 Cicero
287 2572 319 2601 in
337 2572 536 2611 Philippicis:
556 2573 650 2602 Fudit
665 2573 845 2612 apothecas,

68 2615 179 2644 cecidit
209 2624 316 2653 greges
343 2615 592 2644 arinentoruni.’'
638 2615 725 2655 They
749 2615 844 2645 broko

68 2658 136 2687 into
164 2658 218 2687 the
242 2667 347 2687 rooms
371 2657 474 2687 where
499 2658 553 2687 the
575 2658 655 2688 wine
679 2668 741 2688 was
768 2658 844 2698 kept

69 2699 270 2740 (apothecae)
288 2700 348 2729 and
366 2700 502 2739 emptied
520 2700 618 2730 them.

114 2744 162 2773 13.
187 2743 317 2782 numen]
367 2743 460 2772 Some
487 2743 614 2773 inferior
641 2743 737 2773 MSS.
764 2742 842 2773 have

67 2784 230 2815 ‘nomem’
279 2785 373 2815 Halm
402 2786 497 2815 refers
522 2788 554 2815 to
582 2785 659 2824 Livy
683 2786 748 2825 (vii.
765 2785 839 2826 30):

67 2828 251 2863 “Annuite,
280 2831 384 2867 patres
413 2828 591 2867 conscripti,
631 2832 741 2858 nutum
782 2838 838 2858 nu-

67 2879 203 2910 menque
218 2873 356 2900 vestrum
378 2871 527 2900 invictum
546 2871 714 2910 Campanis
724 2870 754 2907 ;''
777 2871 838 2901 and

67 2911 144 2952 Livy
161 2913 221 2943 viii.
238 2914 278 2944 34
294 2925 300 2942 :
327 2916 345 2929 ‘⁴
359 2913 518 2943 dictatoris
543 2913 679 2944 edictum
700 2923 757 2953 pro
781 2924 839 2944 nu-

891 2497 972 2527 open
990 2488 1079 2518 when
1096 2490 1256 2519 Antonius
1272 2500 1333 2519 was
1350 2490 1511 2530 present.'’

934 2531 1124 2570 respondere
1150 2533 1330 2572 voluissem]
1379 2533 1431 2563 On
1459 2533 1513 2562 the
1537 2532 1596 2572 day
1618 2543 1659 2562 011

891 2573 991 2603 which
1018 2574 1176 2604 Antonius
1203 2575 1347 2605 attucked
1372 2575 1492 2611 Cicero,
1510 2575 1564 2605 the
1592 2584 1658 2604 xm

892 2616 962 2646 Kal.
990 2616 1073 2652 Oct„
1092 2617 1200 2647 Cicero
1222 2628 1282 2647 was
1308 2622 1363 2648 not
1386 2622 1521 2658 present,
1541 2617 1596 2647 but
1613 2618 1660 2647 his

890 2659 1011 2688 Second
1030 2659 1184 2700 Philippic
1207 2660 1232 2690 is
1248 2661 1371 2690 written
1394 2671 1428 2690 as
1452 2661 1479 2690 if
1499 2662 1523 2690 it
1548 2670 1626 2689 were
1641 2670 1660 2689 a

887 2702 1000 2740 speech
1028 2703 1118 2732 made
1148 2713 1189 2732 on
1224 2703 1293 2732 that
1324 2703 1383 2742 day
1414 2703 1446 2732 in
1476 2713 1596 2733 answer
1626 2707 1659 2731 to

886 2744 1044 2774 Antonius
1075 2745 1265 2785 (Manutius,
1296 2746 1357 2776 and
1388 2746 1442 2776 the
1474 2745 1593 2775 Introd.
1625 2748 1658 2773 to

888 2786 966 2816 Phil.
986 2787 1059 2827 ΙΙ.).

926 2830 1046 2869 quoad]
1073 2833 1080 2847 ¹
1094 2830 1178 2870 quod
1193 2830 1247 2860 ad’
1264 2831 1319 2861 V1.
1335 2841 1365 2869 g.

921 2873 1122 2911 pereuntium
1134 2895 1141 2903 .
1156 2895 1163 2903 .
1177 2895 1185 2902 .
1197 2873 1412 2912 serviendum]
1446 2873 1539 2902 Halm
1554 2871 1657 2900 writes

885 2915 1102 2954 ‘pereundum
1144 2919 1224 2952 erat,
1265 2916 1391 2955 reliquis
1436 2914 1656 2945 serviendum.'
