1816 3211
691 186 825 229 GAP.
857 188 922 237 14,
957 188 1022 229 15.
1569 188 1647 227 551

58 297 299 340 auctoribus
319 302 363 341 et
384 299 570 350 ducibus,
593 298 669 341 diis
690 300 946 355 juvantibus,
969 300 1090 342 nobis
1110 299 1380 355 vigilantibus
1401 303 1446 340 et
1467 298 1645 339 multum

59 363 102 403 in
134 368 351 418 posterum
383 365 709 420 providentibus,
743 365 894 420 populo
931 365 1121 406 Romano
1157 364 1458 415 consentiente,
1494 363 1649 404 erimus

2 448 4 450 v
58 428 246 483 profecto
266 428 384 470 liberi
406 430 518 471 brevi
539 436 740 486 tempore.
789 431 819 471 J
823 431 1093 472 ucundiorem
1108 435 1250 472 autem
1264 429 1391 471 faciet
1410 429 1650 470 libertatem

60 492 273 535 servitutis
293 495 542 537 recordatio.

118 622 227 665 XV.
260 625 374 677 Quas
395 626 447 666 ob
469 639 547 675 res,
571 627 681 681 quod
702 626 857 668 tribuni
879 626 1010 682 plebis
1030 626 1155 667 verba
1176 625 1364 666 fecerunt
1383 623 1446 666 uti
1466 627 1640 665 senatus

61 685 265 728 Kalendis
285 688 315 728 J
319 704 462 730 anuar.
484 695 578 731 tuto
609 691 751 731 haberi
782 692 1098 746 sententiaeque
1126 692 1177 731 de
1205 705 1366 731 summa
1397 704 1441 730 re
1474 689 1642 744 publica

56 751 184 792 libere
216 752 296 793 dici
327 754 500 808 possint,
539 756 590 795 de
621 770 670 795 ea
702 770 747 796 re
782 756 842 796 ita
872 771 1034 806 censeo,
1065 756 1127 796 uti
1157 755 1202 796 O.
1229 755 1367 795 Pansa
1399 755 1453 794 A.
1479 753 1650 793 Hirtius

61 816 250 857 eonsules
279 818 485 873 designati
517 819 618 860 dent
649 834 818 874 operam
839 820 903 861 uti
931 826 1104 861 senatus
1135 820 1338 860 Kalendis
1358 819 1388 858 J
1392 833 1534 859 anuar.
1555 822 1652 858 tuto

61 881 206 922 haberi
240 882 397 936 possit3
444 884 636 938 quodque
668 884 853 925 edictum
890 886 943 925 D.
981 885 1117 934 Bruti,
1152 883 1431 939 imperatoris,
1472 881 1653 923 consulis

63 946 282 1002 designati,
319 946 495 1002 [optime
528 949 579 989 de
613 949 825 1003 republica
859 950 1029 1004 meriti,]
1060 949 1323 1004 propositum
1354 948 1424 996 sit,
1461 950 1654 988 senatum

64 1011 302 1052 existimare
335 1012 388 1053 D.
414 1012 604 1062 Brutum,
627 1013 933 1068 imperatorem,
958 1015 1173 1055 consulem
1199 1013 1476 1068 designatum,
1497 1010 1655 1065 optime

63 1077 114 1117 de
135 1091 179 1117 re
200 1076 365 1131 publica
385 1078 545 1126 mereri,
569 1092 696 1132 quum
716 1084 888 1120 senatus
908 1079 1209 1120 auctoritatem
1229 1077 1451 1133 populique
1474 1074 1654 1116 Romani

62 1140 302 1182 libertatem
341 1142 640 1197 imperiumque
681 1143 903 1185 defendat:
953 1144 1145 1199 quodque
1186 1142 1441 1197 provinciam
1475 1141 1655 1181 Galliam

65 1205 313 1256 citeriorem,
338 1207 590 1261 optimorum
618 1213 660 1249 et
691 1208 1010 1250 fortissimorum
1044 1208 1266 1262 [virorum]
1294 1207 1654 1248 amicissimorum-

66 1285 145 1325 que
166 1270 225 1311 rei
245 1271 435 1326 publicae
457 1272 619 1322 civium,
639 1273 952 1328 exercitumque
971 1274 1011 1314 in
1033 1279 1205 1314 senatus
1226 1276 1437 1327 potestate
1459 1271 1652 1321 retineat,

65 1335 108 1376 id
136 1350 230 1376 eum
262 1336 574 1391 exercitumque
607 1337 710 1390 ejus,
745 1337 980 1391 municipia,
1012 1337 1193 1377 colonias
1226 1335 1460 1390 provinciae
1494 1334 1654 1375 Galliae

66 1405 181 1440 recte
201 1405 329 1455 atque
351 1401 492 1442 ordine
513 1416 646 1456 exque
673 1416 716 1442 re
744 1401 910 1456 publica
937 1401 1086 1441 fecisse
1117 1406 1160 1442 et
1192 1401 1354 1441 facere:
1389 1404 1582 1440 senatum
1601 1399 1656 1439 ad

66 1479 269 1505 summam
309 1479 398 1505 rem
430 1466 637 1520 publicam
677 1466 884 1521 pertinere
919 1465 1119 1506 arbitrari
1162 1467 1215 1506 ab
1260 1465 1312 1505 D.
1356 1464 1489 1505 Bruto
1523 1469 1566 1504 et
1606 1462 1654 1503 L.

68 1529 226 1570 Planco
247 1529 582 1584 imperatoribus,
606 1530 842 1571 consulibus
863 1530 1111 1585 designatis,
1135 1529 1317 1584 itemque
1343 1543 1368 1569 a
1395 1529 1560 1576 ceteris,
1584 1527 1655 1583 qui

66 1593 301 1649 provincias
332 1594 534 1645 obtinent,
569 1594 747 1635 obtineri
778 1610 830 1635 ex
862 1595 953 1649 lege
987 1595 1015 1634 J
1021 1595 1115 1643 ulia,
1146 1594 1281 1649 quoad
1313 1608 1364 1634 ex
1388 1598 1658 1634 senatuscon-

67 1659 178 1700 sulto
200 1658 348 1713 cuique
369 1673 510 1699 eorum
531 1673 772 1700 successum
792 1659 872 1700 sit:
908 1673 1062 1713 eosque
1084 1659 1183 1699 dare
1205 1673 1373 1712 operam
1394 1663 1442 1698 ut
1463 1672 1537 1698 eae
1565 1671 1658 1712 pro-

67 1723 228 1765 vinciae
248 1723 538 1778 exercitusque
559 1724 601 1764 in
628 1724 764 1765 senati
793 1724 1019 1779 populique
1052 1723 1231 1764 Romani
1262 1728 1473 1777 potestate
1504 1722 1658 1777 praesi-

69 1789 218 1844 dioque
238 1789 297 1829 rei
325 1788 513 1843 publicae
534 1788 643 1829 sint:
677 1803 885 1844 quumque
917 1803 1057 1843 opera,
1079 1788 1247 1837 virtute,
1282 1787 1453 1828 consilio
1486 1787 1531 1828 C.
1557 1787 1658 1827 Cae-

67 1854 173 1895 saris
204 1868 447 1908 summoque
481 1868 687 1894 consensu
715 1853 895 1894 militum
927 1858 1230 1902 veteranorum,
1255 1852 1323 1907 qui
1355 1852 1445 1906 ejus
1479 1851 1659 1892 auctori-

68 1923 200 1959 tatem
231 1918 365 1959 secuti
393 1917 452 1958 rei
484 1918 674 1973 publicae
706 1918 914 1973 praesidio
948 1923 1047 1958 sunt
1079 1922 1122 1958 et
1152 1917 1331 1965 fuerunt,
1354 1931 1379 1957 a
1405 1915 1660 1970 gravissimis

70 1982 265 2038 periculis
285 1982 462 2037 populus
484 1983 698 2023 Romanus
715 1983 911 2023 defensus
933 1982 988 2023 sit
1010 1988 1054 2023 et
1075 1983 1153 2022 hoc
1176 1988 1362 2036 tempore
1385 1980 1656 2021 defendatur:

71 2061 279 2103 quumque
300 2046 408 2101 legio
434 2046 590 2087 Martia
616 2047 750 2087 Albae
772 2047 1023 2095 constiterit,
1046 2047 1087 2086 in
1110 2046 1333 2101 municipio
1355 2044 1593 2085 fidelissimo
1616 2048 1661 2085 et

70 2110 310 2159 fortissimo,
353 2124 524 2164 seseque
565 2111 618 2150 ad
660 2115 831 2150 senatus
871 2110 1171 2151 auctoritatem
1217 2109 1440 2164 populique
1482 2107 1661 2148 Romani

71 2175 311 2216 libertatem
332 2173 582 2215 contulerit:
614 2178 658 2214 et
680 2174 789 2228 quod
811 2174 899 2228 pari
923 2174 1095 2214 consilio
1127 2175 1354 2228 eademque
1376 2173 1530 2213 virtute
1552 2172 1660 2225 legio

73 2239 231 2292 Quarta
251 2253 338 2286 usa,
367 2238 412 2279 L.
438 2237 692 2291 Egnatuleio
717 2237 832 2286 duee,
858 2238 945 2277 cive
968 2238 1151 2291 egregio,
1168 2243 1342 2278 senatus
1363 2236 1660 2277 auctoritatem

71 2303 295 2359 populique
317 2302 494 2343 Romani
524 2302 761 2342 libertatem
786 2301 993 2352 defendat,
1018 2302 1263 2352 defenderit,
1288 2301 1453 2342 senatui
1484 2315 1659 2355 magnae

119 2459 169 2488 15.
191 2458 286 2487 verba
306 2455 476 2495 fecerunt]
525 2456 601 2486 This
626 2455 652 2485 is
677 2454 731 2484 the
755 2455 844 2484 usual
888 2455 950 2485 viii.
968 2454 1014 2494 8).

74 2499 218 2535 formula,
242 2509 276 2529 as
299 2499 331 2528 in
349 2502 355 2515 ‘
372 2499 464 2531 Quod
481 2499 521 2531 Q.
538 2499 646 2527 Aelius
666 2497 791 2527 Tubero
811 2498 842 2527 P.
931 2498 969 2527 de
991 2508 1025 2527 ea
1050 2507 1084 2527 re
1107 2498 1153 2527 ita
1177 2497 1300 2536 censeo]
1348 2496 1436 2526 Thus
1458 2495 1660 2526 abbreviated

76 2542 190 2572 Fabius
221 2542 381 2571 Maximus
408 2541 495 2571 Coss.
514 2540 552 2570 V.
576 2541 606 2570 F.
639 2540 677 2569 dc
704 2540 754 2568 iis'
774 2541 842 2575 δια,
888 2540 920 2570 in
948 2540 1001 2570 the
1033 2541 1153 2574 Sctum.
1178 2540 1218 2570 D.
1245 2540 1283 2569 E.
1314 2540 1351 2569 R.
1381 2540 1406 2569 l.
1433 2539 1470 2569 C.
1492 2538 1556 2578 (Ad
1590 2538 1659 2568 Div.

74 2585 114 2613 V.
139 2584 172 2614 F.
191 2594 299 2613 means
324 2587 331 2600 ⁴
345 2583 439 2612 verba
460 2581 622 2613 fecerunt.'
649 2582 843 2621 (Frontinus,
889 2583 950 2612 viii.
968 2584 1014 2621 8.)

75 2627 125 2657 De
142 2627 337 2666 Aquaednct,
357 2626 425 2655 Lib.
439 2625 486 2665 ii.)
534 2625 593 2654 We
608 2625 686 2654 have
704 2625 775 2653 hero
791 2625 845 2654 the
932 2626 1068 2654 oblinet-i
1092 2635 1132 2655 ew
1153 2626 1219 2663 Ieye
1240 2625 1348 2664 Julia]
1395 2624 1464 2654 Tho
1487 2624 1552 2653 Lex
1573 2623 1660 2653 Jnlin

75 2670 154 2699 form
176 2669 210 2699 of
231 2669 284 2698 the
308 2669 426 2697 motion
443 2678 526 2706 upon
544 2667 643 2696 which
665 2667 719 2697 the
736 2668 844 2697 Setum
889 2667 928 2697 de
947 2668 1122 2698 Provinciis.
1168 2668 1236 2697 The
1252 2667 1343 2697 effect
1359 2667 1393 2696 of
1406 2667 1460 2696 the
1474 2671 1548 2696 next
1559 2665 1659 2694 words

76 2712 178 2742 would
203 2711 240 2741 be
263 2711 368 2740 drawn
389 2721 442 2749 up,
458 2710 519 2739 and
543 2710 631 2739 there
653 2719 705 2739 arc
728 2711 844 2740 several
892 2711 1012 2750 ‘quoad
1038 2732 1045 2740 .
1064 2733 1071 2740 .
1090 2733 1097 2740 .
1119 2720 1297 2740 successum
1329 2709 1392 2743 εἰμ’
1423 2719 1457 2739 as
1495 2709 1659 2738 Manutius

76 2755 167 2785 other
183 2754 340 2792 examples
362 2754 394 2782 in
411 2753 464 2782 the
480 2752 670 2791 subscqncnt
687 2753 841 2791 speeches.
888 2753 1044 2788 observes,
1066 2763 1128 2783 was
1152 2757 1186 2783 to
1210 2752 1307 2782 annul
1333 2752 1386 2782 tho
1418 2755 1425 2768 ‘
1440 2751 1562 2780 sortitio
1586 2759 1659 2789 pro-

75 2797 179 2827 There
200 2797 226 2827 is
249 2807 267 2826 a
283 2796 343 2826 SC.
361 2796 434 2825 with
458 2795 498 2824 au
519 2796 560 2825 its
583 2795 693 2824 formal
711 2800 795 2833 parts
812 2796 843 2825 in
888 2795 1074 2826 vinciarmn'
1093 2795 1183 2826 made
1199 2795 1239 2835 by
1258 2794 1305 2825 M.
1322 2794 1491 2825 Antonius.

77 2850 96 2870 a
119 2840 209 2870 letter
235 2839 270 2869 of
294 2838 341 2869 M.
359 2838 482 2869 Caelius
508 2842 541 2868 to
564 2837 673 2867 Cicero
690 2836 753 2877 (Ad
773 2838 843 2868 Div.
