1899 3227
709 172 843 215 GAP.
879 175 944 224 14,
981 175 1045 214 15.
1625 178 1678 219 59

77 285 270 328 uterere?
304 285 397 326 ideo
427 285 536 326 viam
566 284 722 326 munivi
755 292 802 327 ut
828 301 921 327 eam
954 290 1000 327 tu
1032 286 1179 328 alienis
1206 287 1306 329 viris
1339 288 1544 329 comitata
1577 290 1681 331 cele-

77 352 248 391 brares?

47 467 49 469 Ι
135 414 244 455 XV.
277 415 361 456 Sed
382 414 481 470 quid
502 429 593 469 eg0‚
605 415 785 470 judices,
807 416 865 457 ita
885 431 1055 471 gravem
1076 432 1297 472 personam
1318 417 1464 463 induxi
1486 423 1534 459 ut
1551 418 1681 459 etiam

76 494 220 521 verear
253 494 305 520 ne
338 494 384 520 se
416 479 524 520 idem
560 480 725 535 Appius
760 487 934 536 repente
967 487 1183 524 convertat
1213 488 1257 524 et
1288 482 1474 524 Caelium
1508 483 1681 538 incipiat

76 559 273 586 accusare
296 544 364 585 illa
379 559 456 585 sua
471 545 680 599 gravitate
698 547 913 588 censoria?
963 547 1046 588 Sed
1061 547 1201 588 videro
1216 548 1294 588 hoc
1313 548 1535 603 posterius,
1553 555 1680 603 atque

32 640 34 642 v
76 609 148 659 ita,
182 609 360 664 judices,
394 614 442 650 ut
476 609 540 649 vel
575 610 850 651 severissimis
886 612 1238 666 disceptatoribus
1281 613 1345 655 M.
1389 613 1517 654 Caelii
1549 614 1680 654 vitam

75 689 142 715 me
175 675 448 729 probaturum
483 689 575 715 esse
609 676 829 717 confidam.
893 676 958 717 Tu
994 692 1090 718 vero
1125 678 1283 727 mulier,
1319 679 1407 733 jam
1444 679 1554 719 enim
1589 679 1681 734 ipse

75 744 216 781 tecum
252 739 365 780 nulla
400 753 579 794 persona
607 740 860 785 ,introducta
895 742 1054 796 loquor,
1093 742 1128 782 si
1162 756 1212 782 ea
1252 757 1355 797 quae
1389 744 1412 768 *
1447 744 1470 767 *
1503 744 1679 798 probare

76 805 252 859 cogitas,
274 805 480 846 rationem
502 810 647 846 tantae
668 805 976 856 familiaritatis,
1001 811 1148 848 tantae
1181 808 1509 858 consuetudinis,
1533 814 1678 849 tantae

74 870 381 924 conjunctionis
427 870 579 911 reddas
618 875 745 925 atque
791 886 979 926 exponas
1020 887 1191 913 necesse
1232 877 1311 913 est.
1392 874 1679 914 Accusatores

75 935 242 990 quidem
273 935 474 985 libidines,
510 950 688 985 amores,
718 936 937 987 adulteria,
971 937 1109 987 Baias,
1134 943 1264 986 actas,
1297 937 1496 987 convivia,
1531 939 1678 980 comis-

74 1000 272 1048 sationes,
305 1006 466 1050 cantus,
501 1001 782 1055 symphoniaS‚
812 1001 977 1056 navigia
1005 1003 1186 1056 jactant,
1215 1002 1407 1057 idemque
1440 1003 1678 1057 significant

73 1065 175 1105 nihil
207 1080 252 1106 se
285 1071 328 1106 te
360 1065 491 1106 invita
527 1065 678 1106 dicere.
759 1066 876 1119 Quae
913 1074 972 1113 tu,
1007 1067 1202 1122 quoniam
1243 1073 1383 1109 mente
1419 1069 1560 1109 nescio
1598 1083 1678 1124 qua

74 1130 275 1171 effrenata
295 1135 421 1185 atque
443 1131 660 1186 praecipiti
683 1131 724 1171 in
746 1131 883 1172 forum
914 1132 1065 1172 deferri
1092 1133 1379 1187 judiciumque
1401 1134 1581 1182 voluisti,
1604 1140 1679 1175 aut

73 1195 207 1235 diluas
229 1200 397 1250 oportet
412 1210 460 1236 ac
481 1196 586 1236 falsa
607 1211 697 1237 esse
715 1197 879 1245 doceas,
896 1203 971 1238 aut
989 1197 1089 1237 nihil
1111 1212 1245 1252 neque
1267 1199 1428 1238 crimini
1451 1205 1524 1240 tuo
1543 1214 1677 1253 neque

74 1260 316 1301 testimonio
339 1261 591 1300 credendum
619 1275 710 1301 esse
733 1262 904 1302 fateare.
969 1262 1043 1302 Sin
1074 1267 1218 1303 autem
1243 1263 1441 1303 urbanius
1467 1278 1531 1304 me
1552 1278 1677 1318 agere

73 1325 216 1373 mavis,
251 1325 310 1366 sic
343 1339 465 1377 agam
498 1330 660 1366 tecum:
706 1328 929 1368 removebo
962 1327 1076 1367 illum
1106 1342 1247 1368 senem
1284 1328 1433 1367 durum
1463 1342 1512 1368 ac
1545 1342 1677 1382 paene

74 1396 310 1444 agrestem3
350 1405 401 1430 ex
435 1390 528 1431 istis
559 1390 642 1431 tuis
677 1405 840 1432 sumam
875 1392 1055 1446 aliquem
1086 1407 1134 1432 ac
1168 1392 1428 1446 potissimum
1462 1392 1676 1432 minimum

72 1455 259 1504 fratrem,
275 1454 344 1509 qui
366 1459 432 1495 est
454 1455 494 1494 in
516 1455 597 1495 isto
619 1469 773 1509 genere
795 1457 1123 1503 urbanissimus;
1159 1457 1228 1511 qui
1246 1463 1288 1498 te
1305 1463 1421 1498 amat
1440 1457 1673 1512 plurimum,

73 1520 142 1574 qui
173 1527 346 1574 propter
375 1519 513 1560 nescio
542 1534 678 1574 quam,
705 1522 841 1568 credo.
866 1516 1133 1562 timiditatem
1158 1528 1201 1562 et
1223 1527 1451 1563 nocturnos
1474 1522 1676 1577 quosdam

72 1583 216 1624 inanes
251 1589 390 1625 metus
425 1589 565 1625 tecum
600 1599 763 1640 semper
804 1586 922 1641 pusio
960 1601 1054 1627 cum
1089 1587 1247 1640 majore
1280 1602 1423 1627 sorore
1459 1587 1674 1629 cubitavit.

73 1648 184 1688 Eum
207 1654 354 1703 putato
377 1654 518 1689 tecum
539 1649 675 1704 loqui:
713 1649 822 1702 Quid
845 1650 1125 1700 tumultuaris,
1150 1653 1294 1692 soror?
1327 1652 1424 1706 quid
1447 1652 1628 1693 insanis?

189 1742 214 1760 “
230 1739 347 1791 Quid·
361 1739 539 1780 clamore
561 1754 710 1781 exorsa
726 1739 863 1781 verbis
885 1755 1058 1796 parvam
1079 1755 1165 1781 rem
1182 1755 1379 1796 magnam
1401 1741 1503 1782 facis
1519 1742 1562 1782 3³⁵

115 1875 307 1914 celebrares]
337 1875 523 1915 ‘frequent‚’
559 1877 566 1892 ‘
581 1875 658 1906 use.'
703 1876 850 1907 Another

71 1919 255 1954 antithesis;
293 1918 354 1948 and
370 1929 389 1948 a
404 1929 483 1958 poor
499 1928 570 1948 one.

118 1963 166 1992 l5.
185 1961 373 2001 personam]
412 1965 451 1991 ‘a
480 1961 677 2002 personage,'
711 1965 752 1992 ‘a
776 1963 849 1992 cha-

69 2008 171 2035 racter
183 2003 202 2041 3'
242 2004 293 2034 old
326 2005 448 2044 Appius
478 2004 608 2035 Caecus.
668 2005 746 2035 This
776 2006 802 2036 is
832 2016 851 2036 a

69 2057 215 2078 common
232 2057 287 2077 use
302 2047 338 2077 of
351 2051 358 2064 ‘
370 2047 526 2087 persona.’

113 2101 192 2130 quae
221 2089 241 2110 *
272 2090 291 2110 *
318 2091 474 2130 probare]
512 2093 532 2107 “
546 2091 633 2121 Inter
664 2094 671 2108 ‘
684 2101 765 2131 quae
776 2091 784 2105 ’
818 2095 850 2122 et

72 2136 80 2150 ‘
93 2133 226 2173 probare
239 2131 247 2146 '
270 2133 415 2163 librarius
432 2134 486 2174 qui
503 2134 640 2164 codicem
660 2134 684 2164 P
699 2135 848 2172 exaravit,

70 2177 207 2216 spatium
224 2187 356 2206 vacuum
373 2177 465 2206 unius
488 2187 596 2207 versus
619 2181 650 2207 et
666 2177 787 2207 dimidii
803 2188 849 2208 rc-

70 2219 179 2259 liquit3
193 2219 304 2249 lacuna
315 2230 409 2249 manu
421 2220 492 2255 alia,
501 2220 555 2249 sed
569 2224 672 2250 vetere
686 2220 733 2250 his
746 2221 847 2251 verbis

71 2262 186 2302 ineptis
209 2263 333 2302 expleta
355 2267 422 2293 est:
449 2263 543 2293 'facis
567 2274 647 2303 quae
664 2263 751 2299 dicis,
768 2274 848 2304 quae

72 2304 105 2334 in
121 2314 257 2335 sororem
282 2310 368 2336 tuam
394 2306 511 2335 moliris
535 2316 616 2346 quae
638 2307 848 2346 argumenta,’

71 2348 197 2377 utitem
216 2348 244 2379 G
260 2348 355 2378 habet
367 2347 386 2361 ’'
406 2349 544 2388 (Halm).

116 2391 225 2427 Baias,
249 2391 352 2431 actas]
379 2391 469 2431 They
495 2391 590 2431 speak
621 2392 656 2422 of
680 2392 784 2428 Baiae,
816 2392 852 2423 of

72 2432 126 2462 the
149 2442 200 2462 sea
223 2433 329 2464 shores
353 2434 482 2474 (actae),
499 2435 601 2465 where
613 2435 668 2465 the
684 2435 848 2466 luxurious

74 2475 214 2505 Romans
230 2476 360 2514 enjoyed
373 2477 571 2508 themselves.
618 2478 656 2508 E.
671 2478 709 2509 G.
725 2480 756 2508 S.
769 2479 848 2509 have

73 2517 184 2547 ‘actas
232 2519 350 2548 ‘Acte'
375 2519 492 2559 (ἀκτὴ)
521 2521 546 2550 is
570 2531 589 2550 a
620 2521 723 2551 Greek
751 2522 845 2552 word.

72 2561 244 2590 “Tametsi
270 2561 302 2590 in
326 2565 394 2591 acta
410 2573 480 2592 cum
505 2564 696 2593 mulierculis
721 2565 846 2604 jacebat

73 2603 178 2633 ebrius
193 2603 212 2616 ''
229 2603 332 2643 (Verr.
350 2604 380 2633 ii.
399 2606 429 2639 5,
446 2615 472 2635 c.
488 2607 539 2642 25,
557 2606 628 2636 Vol.
647 2607 750 2645 i.).—‘
763 2619 845 2647 sym-

70 2646 205 2686 phonias
220 2646 238 2675 :'
258 2650 278 2663 ‘¹
291 2657 387 2686 quum
401 2647 432 2676 in
443 2648 487 2677 eis
500 2650 647 2679 conviviis
659 2651 847 2690 symphonia

70 2693 197 2719 caneret
209 2688 228 2702 '’
255 2688 361 2729 (Verr.
385 2689 416 2718 ii.
434 2692 464 2725 3,
481 2700 507 2720 c.
525 2692 577 2728 44,
594 2692 656 2722 auid
672 2694 727 2723 the
750 2699 844 2731 note;

70 2732 143 2762 Vol.
160 2732 206 2772 i.).

116 2775 234 2805 Seneca
251 2774 326 2815 (Ep.
343 2774 399 2814 51)
414 2788 420 2804 :
440 2778 459 2792 ‘⁰
474 2776 592 2808 Quidni
604 2777 692 2807 malit
704 2779 846 2818 quisquis

72 2817 118 2847 vir
132 2822 181 2848 est
203 2828 348 2848 somnum
374 2828 465 2848 suum
490 2819 619 2848 classico
643 2830 737 2859 quam
761 2831 845 2860 sym-

72 2860 191 2899 phonia
219 2862 348 2901 rumpi?
394 2861 455 2891 Sed
482 2862 556 2891 satis
582 2862 635 2891 diu
663 2872 732 2892 cum
762 2864 844 2894 Baiis

71 2903 272 2944 litigavimus,
290 2914 463 2945 numquam
480 2904 555 2935 satis
571 2914 642 2934 cum
659 2905 777 2937 vitiis.’'

937 1886 978 1906 ex
994 1877 1065 1906 istis
1081 1876 1161 1915 tuis]
1189 1875 1349 1915 Madvig’s
1373 1877 1561 1915 conjecture.
1607 1877 1676 1907 The

894 1919 991 1949 MSS.
1009 1919 1087 1949 have
1103 1923 1160 1949 ‘ex
1184 1920 1210 1949 is
1225 1920 1321 1959 igitur
1334 1919 1341 1932 '
1365 1930 1400 1950 or
1428 1924 1485 1949 ‘ex
1509 1920 1556 1950 his
1580 1920 1676 1959 igitur

894 1961 980 1993 tuis!

937 2005 1120 2044 minimum]
1150 2005 1184 2035 P.
1202 2005 1332 2035 Clodius
1353 2015 1415 2035 was
1442 2006 1496 2035 the
1519 2010 1675 2045 youngest

894 2049 929 2078 of
941 2049 995 2078 the
1012 2049 1100 2078 three
1117 2048 1270 2078 brothers.
1318 2049 1428 2079 Cicero
1445 2059 1515 2077 now
1536 2050 1621 2088 gives
1638 2060 1674 2079 us

893 2102 912 2121 a
928 2092 1048 2131 sample
1064 2092 1100 2121 of
1108 2091 1156 2120 his
1175 2096 1181 2107 ¹
1196 2091 1382 2121 urbanitas!
1420 2091 1564 2131 Nothing
1580 2092 1673 2122 could

895 2135 934 2165 be
960 2137 1149 2164 coarser.—r‘
1165 2136 1255 2174 pusio
1268 2134 1288 2163 :'
1314 2138 1320 2150 ⁴
1333 2145 1351 2164 a
1367 2145 1472 2174 young
1494 2134 1578 2174 boy,'
1603 2136 1673 2165 who

894 2178 920 2207 is
936 2177 1093 2217 supposed
1111 2181 1144 2207 to
1160 2177 1199 2207 be
1222 2177 1321 2207 afraid
1339 2181 1372 2207 to
1389 2178 1475 2216 sleep
1492 2178 1593 2213 alone,
1610 2178 1672 2207 and

893 2231 927 2250 so
955 2221 994 2250 he
1023 2221 1125 2260 sleeps
1151 2221 1226 2250 with
1252 2221 1300 2250 his
1325 2221 1417 2250 sister
1443 2221 1513 2250 who
1537 2220 1562 2250 i's
1586 2221 1673 2251 oidcr

893 2264 969 2293 than
987 2264 1122 2293 himself.
1169 2263 1279 2294 Cicero
1292 2264 1348 2294 has
1363 2274 1403 2294 an
1416 2263 1551 2294 obscene
1564 2274 1671 2294 mean-

892 2317 946 2346 1ng
960 2319 966 2336 :

937 2395 956 2410 ‘⁴
972 2392 1088 2422 Nonne
1104 2395 1197 2432 putas
1214 2392 1325 2423 melius
1350 2392 1434 2432 quod
1450 2395 1554 2422 tecum
1580 2393 1671 2432 pusio

1021 2436 1137 2465 dormit
1150 2435 1184 2465 ?'’
1209 2436 1266 2465 &a
1377 2435 1526 2476 (Juvenal
1543 2436 1582 2465 vi.
1601 2435 1668 2475 34.)

940 2521 1026 2557 Quid
1041 2520 1196 2560 clamore]
1218 2524 1237 2537 “
1254 2521 1350 2551 Hunc
1367 2531 1491 2551 versum
1515 2521 1668 2551 comicum

891 2574 959 2594 esse
974 2565 1095 2603 primus
1112 2564 1190 2594 vidit
1215 2564 1342 2594 Beier-us
1365 2565 1402 2593 nd
1428 2565 1492 2594 Cic.
1518 2565 1581 2593 Off.
1599 2565 1618 2593 i.
1637 2574 1667 2603 p.

895 2608 955 2642 173
972 2607 991 2619 ”
1011 2607 1151 2647 (Halm).
1179 2607 1313 2646 Spengel
1331 2608 1452 2644 ussigns
1469 2609 1493 2636 it.
1510 2612 1541 2636 to
1559 2608 1667 2637 Caeci-

892 2650 951 2679 lius
969 2651 1088 2679 Stulius
1116 2650 1259 2688 (Caecilii
1278 2651 1368 2679 statii
1389 2650 1510 2687 Frngm.
1530 2660 1558 2689 p.
1578 2651 1669 2679 9).—

893 2693 948 2722 ‘ad
966 2693 1104 2722 Tiberim
1116 2693 1134 2722 :‘
1161 2693 1201 2722 he
1227 2699 1405 2732 represents
1427 2694 1479 2722 the
1497 2703 1617 2721 woman
1635 2702 1667 2720 us

890 2735 1006 2775 having
1031 2746 1049 2765 a
1075 2736 1190 2775 garden
1224 2736 1334 2776 (horti)
1360 2746 1400 2765 on
1426 2736 1479 2765 the
1506 2736 1610 2765 Tibur.
1635 2735 1666 2762 in

890 2779 991 2808 which
1010 2779 1064 2808 she
1081 2779 1171 2808 could
1189 2789 1239 2808 see
1253 2780 1306 2808 the
1319 2790 1424 2817 young
1438 2789 1507 2807 men
1527 2778 1664 2812 linthing.

890 2822 951 2851 and
968 2822 1023 2851 she
1040 2822 1131 2851 could
1148 2822 1262 2851 choose
1278 2832 1393 2859 among
1417 2823 1513 2850 thom.
1561 2826 1567 2834 ¹
1581 2820 1664 2847 (¹011-

888 2864 966 2894 ditio
979 2863 986 2877 ’
1011 2875 1046 2894 or
1068 2868 1074 2881 ⁸
1091 2865 1286 2894 conditiones
1301 2864 1307 2876 '
1333 2874 1440 2893 munus
1457 2862 1531 2890 both
1549 2872 1566 2889 a
1583 2869 1663 2888 mnr-

888 2907 973 2947 riage
998 2907 1138 2947 bargain,
1161 2907 1224 2937 and
1248 2918 1267 2937 a
1293 2907 1420 2946 bargain
1443 2905 1580 2934 between
1603 2912 1664 2941 any
