1816 3211
116 171 197 211 138
416 166 593 208 ORAT.
627 165 746 207 PRO
782 165 830 206 L.
864 164 1176 207 CORNELIO
1213 163 1414 205 BALBO

112 283 168 325 sit
189 283 257 323 ille
278 281 320 322 in
338 281 506 322 foedere
527 280 720 320 inferior?
773 279 960 319 Primum
974 278 1088 319 verbi
1110 292 1244 332 genus
1265 277 1344 317 hoc
1368 291 1713 325 CONSERVANTQ

111 363 194 404 quo
225 347 359 402 magis
391 346 432 386 in
462 346 625 401 legibus
653 359 777 399 quam
810 344 851 384 in
882 343 1122 383 foederibus
1151 342 1214 383 uti
1245 341 1436 392 solemus,
1470 342 1715 397 imperantis

112 418 189 463 est,
224 427 307 453 non
343 410 565 467 precantis.
642 409 805 449 Deinde
839 422 968 463 quum
1002 407 1173 448 alterius
1209 407 1352 461 populi
1387 407 1588 462 majestas
1617 422 1714 448 con-

111 478 264 519 servari
283 478 468 531 jubetur,
491 476 542 515 de
564 475 696 515 altero
718 474 879 521 siletur,
907 478 1020 513 certe
1042 472 1108 512 ille
1131 472 1306 526 populus
1327 471 1369 511 in
1390 472 1591 527 superiori
1618 487 1714 513 con-

112 543 268 583 ditione
299 553 526 594 Caussaque
555 538 735 592 ponitur,
760 538 880 591 cujus
901 537 1102 590 majestas
1127 535 1305 576 foederis
1337 537 1552 577 sanctione
1575 537 1715 577 defen-

111 608 237 648 ditur.
303 606 353 645 In
387 619 467 658 quo
499 608 589 644 erat
616 602 874 643 accusatoris
905 600 1198 655 interpretatio
1230 601 1401 655 indigna
1428 602 1712 656 responsione,

111 672 180 727 qui
209 672 267 711 ita
288 670 464 719 dicebat,
490 673 515 690 “
530 667 732 708 comiter''
756 682 846 708 esse
871 672 894 688 “
912 665 1187 707 communiter
1202 666 1243 713 3³³
1275 665 1393 720 quasi
1414 680 1510 706 vero
1533 666 1716 720 priscum

109 736 275 791 aliquod
315 739 390 775 aut
428 733 640 773 insolitum
680 732 852 773 verbum
892 731 1257 785 interpretaretur.
1335 729 1485 771 Comes
1529 730 1711 785 benigni,

109 801 262 852 faciles,
287 813 435 840 suaves
456 797 643 838 homines
664 811 755 837 esse
778 797 976 837 dicuntur
994 813 1004 843 ;
1741 792 1753 796 ”

417 888 531 893 ——
551 862 620 917 qui
642 861 799 902 erranti
822 861 996 902 comiter
1017 864 1228 901 monstrat
1248 859 1369 906 viam,

108 930 296 985 benigne,
339 944 421 969 non
459 931 657 983 gravate:
706 925 981 966 communiter
1020 925 1185 980 quidem
1221 930 1340 965 'certe
1380 938 1464 964 non
1505 923 1713 964 convenit.

109 996 169 1037 Et
208 995 330 1035 simul
369 993 550 1034 absurda
589 1006 658 1032 res
694 995 760 1032 est
801 990 938 1031 caveri
977 990 1145 1030 foedere
1181 994 1230 1030 ut
1266 989 1535 1044 majestatem
1570 988 1713 1043 populi

109 1060 288 1101 Romani
320 1057 592 1100 communiter
620 1060 879 1105 conservent,
904 1055 946 1096 id
972 1060 1049 1103 est,
1074 1060 1121 1096 ut
1146 1054 1322 1109 populus
1352 1054 1566 1094 Romanus
1595 1068 1713 1094 suam

107 1126 371 1179 majestatem
402 1137 493 1163 esse
524 1121 679 1161 salvam
702 1121 813 1161 velit.
876 1120 997 1172 Quod
1026 1119 1061 1159 si
1082 1120 1172 1173 jam
1205 1119 1266 1159 ita
1299 1124 1425 1166 esset,
1448 1123 1496 1158 ut
1517 1133 1607 1159 esse
1629 1133 1714 1159 non

106 1194 260 1244 potest,
295 1193 435 1229 tamen
480 1187 531 1227 de
578 1190 723 1226 nostra
762 1184 1000 1238 majestate,
1035 1183 1135 1223 nihil
1176 1184 1226 1222 de
1274 1183 1437 1223 illorum
1480 1188 1711 1223 caveretur.

108 1253 313 1294 Potestne
344 1251 473 1306 igitur
500 1255 644 1291 nostra
670 1250 872 1303 majestas
903 1264 928 1289 a
960 1248 1183 1288 Gaditanis
1205 1248 1381 1302 benigne
1407 1247 1653 1297 conservari,
1677 1247 1712 1288 si

104 1319 157 1359 ad
199 1332 290 1358 eam
329 1316 592 1356 retinendam
635 1315 868 1355 Gaditanos
915 1313 1109 1368 praemiis
1149 1312 1298 1353 elicere
1338 1327 1422 1352 non
1462 1314 1712 1367 possumus?

106 1383 258 1424 Potest
289 1396 379 1422 esse
413 1381 495 1421 ulla
526 1379 704 1433 denique
740 1379 956 1433 majestas,
994 1377 1027 1418 si
1064 1377 1311 1432 impedimur
1348 1392 1430 1432 quo
1465 1378 1601 1418 minus
1637 1392 1712 1432 per

103 1447 300 1503 populum
350 1446 586 1487 Romanum
636 1444 932 1485 beneficiorum
975 1442 1144 1483 virtutis
1194 1457 1343 1483 caussa
1395 1443 1711 1483 tribuendorum

103 1517 360 1571 potestatem
382 1509 701 1565 imperatoribus
722 1508 877 1549 nostris
899 1508 1161 1548 deferamus?

111 1574 117 1580 ²
163 1576 322 1617 XVII.
357 1576 440 1616 Sed
461 1575 558 1630 quid
589 1589 666 1628 ego
696 1574 876 1628 disputo,
900 1587 1006 1627 quae
1031 1572 1129 1612 mihi
1153 1580 1255 1621 tum,
1279 1571 1313 1612 si
1338 1571 1538 1612 Gaditani
1561 1576 1710 1614 contra.

103 1657 170 1683 me
201 1641 398 1688 dicerent,
432 1654 526 1680 vere
547 1653 681 1694 -posse
715 1638 795 1679 dici
827 1637 1095 1678 viderentur?
1156 1636 1244 1676 Illis
1277 1636 1387 1676 enim
1419 1638 1708 1691 repetentibus

108 1707 157 1747 L.
184 1706 420 1747 Cornelium
451 1704 758 1759 responderem,
791 1703 926 1756 legem
957 1701 1157 1756 populum
1188 1700 1423 1741 Romanum
1451 1701 1628 1755 jussisse
1657 1702 1708 1742 de

107 1772 275 1812 civitate
310 1770 556 1816 tribuenda3
601 1768 697 1808 huic
733 1768 875 1822 generi
909 1767 1049 1821 legum
1084 1767 1235 1806 fundos
1278 1766 1454 1821 populos
1495 1766 1583 1807 fieri
1623 1781 1708 1807 non

149 1865 187 1895 de
213 1866 313 1895 altero
343 1864 472 1903 siletur]
520 1863 588 1893 The
614 1873 729 1902 proper
755 1872 821 1898 use,
848 1872 882 1892 as
927 1871 1011 1891 same
1038 1860 1135 1890 about
1159 1861 1223 1890 this
1244 1860 1378 1899 league:
1405 1860 1612 1899 “Imperium
1637 1871 1704 1890 ma-

105 1909 132 1938 it
161 1918 269 1944 seems,
309 1907 344 1937 of
370 1907 431 1936 this
464 1906 583 1945 passive
613 1906 715 1941 form3
756 1905 814 1934 but
850 1905 882 1934 in

106 1952 160 1981 the
193 1951 251 2005 Prp
283 1950 403 1985 Flacco,
434 1959 460 1978 c.
492 1951 523 1985 3,
554 1949 594 1978 he
625 1959 695 1988 says
735 1951 753 1964 ⁴⁴
766 1958 802 1977 ea
832 1958 881 1977 res

107 1995 298 2072 Sllibliii'iter]
344 2035 413 2064 The
435 2034 498 2064 line
513 2034 539 2064 is
560 2034 640 2063 from
659 2033 780 2063 Ennius
798 2032 878 2073 (Cic.

108 2079 157 2109 De
174 2079 236 2108 Off.
255 2079 274 2107 i.
296 2079 347 2118 16>
365 2089 372 2108 ε

108 2139 186 2169 “Ut
215 2139 309 2167 homo
339 2137 393 2177 qui
419 2137 536 2166 erranti
567 2136 697 2166 comiter
728 2139 884 2165 monstrat

195 2180 311 2211 viam.'’

108 2247 176 2277 The
193 2246 277 2275 word
291 2249 297 2262 ‘
312 2245 460 2275 comiter'
478 2245 504 2275 is
519 2245 595 2274 used
611 2245 642 2273 in
659 2254 677 2273 a
692 2254 823 2283 passage
847 2243 881 2273 of

108 2290 162 2320 the
189 2290 299 2327 Digest
320 2289 385 2327 (49.
407 2289 454 2317 15.
473 2290 502 2323 7,
523 2290 537 2324 ξ
558 2287 588 2325 l)
609 2287 710 2316 which
732 2287 822 2325 helps
844 2290 877 2316 to

109 2332 233 2371 explain
249 2331 312 2359 this
335 2331 463 2368 chapter
477 2341 483 2359 z
510 2333 527 2346 ‘¹
542 2329 636 2358 Liber
654 2333 760 2358 autem
776 2339 878 2368 popu-

109 2375 159 2404 lus
175 2378 222 2403 est
237 2374 262 2402 is
287 2373 339 2412 qui
361 2373 475 2402 nullius
491 2372 618 2401 alterius
642 2372 749 2410 populi
774 2377 877 2409 potes-

110 2417 167 2447 tati
189 2419 237 2445 est
260 2415 429 2453 subjectus,
453 2414 516 2444 sive
546 2415 600 2453 qui
623 2413 800 2443 foederatus
823 2417 879 2449 est,

109 2461 185 2490 item
203 2459 266 2487 sive
281 2467 380 2497 aequo
404 2457 527 2486 foedere
548 2457 581 2485 in
597 2456 767 2485 amicitiam
784 2457 881 2494 venit,

110 2504 174 2532 sive
190 2501 313 2530 foedere
336 2500 594 2538 comprehensum
619 2502 668 2528 est
689 2502 723 2527 ut
738 2499 764 2527 is
781 2508 880 2537 popu-

109 2546 158 2575 lus
174 2544 300 2573 alterius
316 2543 422 2581 populi
440 2543 636 2580 majestatem
659 2541 789 2570 comiter
805 2551 879 2570 con-

110 2591 255 2618 servaret.
288 2586 358 2614 Hoc
373 2585 455 2614 enim
474 2584 619 2622 adjicitur
635 2587 670 2612 ut
686 2584 879 2622 intelligatur

109 2631 243 2661 alterum
260 2628 411 2667 populum
430 2627 620 2666 superiorem
645 2625 746 2655 esse.'’
795 2627 878 2655 Such

109 2685 128 2704 a
151 2675 251 2710 treaty
276 2681 336 2699 was
358 2670 448 2698 made
471 2669 611 2698 between
635 2669 689 2697 the
715 2669 880 2699 Aetolians

109 2716 171 2746 and
197 2715 336 2744 Romans
361 2712 486 2752 (Polyb.
514 2712 589 2740 Exc.
615 2711 709 2749 Legg.
734 2712 879 2749 xxviii.):

109 2759 126 2789 ὁ
152 2757 254 2796 δῆμος
283 2755 298 2786 ὀ
326 2758 392 2785 τῶν
418 2754 576 2784 Αἰτώλιον
601 2756 665 2789 τὴν
691 2753 803 2792 ἀρχὴν
827 2754 879 2783 καὶ

110 2802 175 2837 τήν
193 2799 393 2829 δυναστείαν
417 2798 474 2827 τοῦ
501 2795 605 2832 ὂίιμου
623 2799 690 2826 τῶν
706 2794 880 2836 Ῥωμαίων

110 2843 240 2878 ἀδόλως
269 2842 407 2878 τηρεὶτω
440 2837 728 2879 (Osenbrueggen).
784 2839 879 2868 Klotz

109 2886 255 2916 observes
278 2883 348 2913 that
370 2883 449 2922 Livy
471 2881 538 2922 (38,
555 2891 582 2910 e.
608 2880 661 2920 ll)
683 2881 753 2910 tells
775 2891 810 2910 us
827 2881 881 2911 the

923 1905 1135 1943 jestatemque
1152 1904 1259 1943 populi
1278 1903 1414 1933 Romani
1430 1913 1506 1942 gens
1518 1904 1704 1933 Aetolorum

927 1952 1109 1977 conservato
1126 1947 1193 1976 sine
1210 1947 1281 1975 dolo
1299 1946 1416 1975 malo.''
1463 1946 1546 1976 Such
1559 1957 1577 1975 a
1592 1946 1702 1976 foedus

926 2000 959 2019 as
972 1990 1041 2019 that
1057 1989 1200 2019 between
1224 1990 1277 2018 the
1303 1989 1444 2018 Romans
1460 1989 1522 2018 and
1539 1989 1703 2018 Aetolians

925 2043 986 2062 was
999 2043 1017 2062 a
1031 2033 1154 2061 ‘foedus
1172 2042 1234 2061 non
1251 2031 1410 2071 aequu1n‚'
1424 2032 1472 2061 for
1490 2032 1515 2061 it
1534 2032 1703 2061 contained

929 2085 969 2105 an
985 2075 1278 2112 acknowledgment
1301 2074 1336 2103 of
1358 2074 1487 2103 Rome's
1504 2084 1700 2113 supremacy,

928 2118 961 2147 in
985 2122 1083 2147 terms
1104 2127 1201 2155 vague
1224 2117 1360 2155 enough,
1388 2116 1446 2145 but
1469 2127 1502 2146 so
1527 2117 1621 2146 much
1647 2117 1702 2146 the

929 2171 1025 2190 worse
1050 2160 1098 2189 for
1120 2160 1174 2189 the
1198 2159 1369 2189 Aetolians.
1416 2159 1484 2188 The
1500 2159 1609 2188 foedus
1625 2160 1701 2189 with

926 2203 982 2232 the
1009 2202 1155 2232 Gaditani
1174 2212 1235 2231 was
1261 2202 1326 2231 also
1351 2204 1435 2231 ‘non
1458 2202 1615 2240 aequum‚’
1642 2202 1701 2232 but

923 2245 976 2274 the
991 2249 1088 2274 terms
1105 2254 1185 2273 were
1205 2254 1279 2283 very
1296 2244 1440 2273 different
1456 2244 1535 2273 from
1553 2244 1643 2274 those
1667 2245 1704 2274 of

922 2288 977 2317 the
994 2287 1138 2316 Aetolian
1157 2287 1275 2316 foedus.

970 2331 1018 2364 17.
1037 2331 1111 2358 huic
1126 2329 1251 2367 ρεπεν-ι’]
1292 2329 1369 2358 This
1381 2329 1484 2358 dative
1495 2329 1521 2358 is
1532 2329 1699 2368 explained

926 2372 967 2411 by
984 2372 1039 2401 the
1054 2372 1202 2409 meaning
1218 2372 1254 2400 of
1268 2375 1273 2387 ‘
1288 2372 1405 2400 fundus
1419 2371 1424 2382 ’
1442 2372 1473 2401 in
1490 2372 1544 2401 the
1560 2382 1650 2401 sense
1666 2372 1702 2402 of

925 2420 932 2431 ⁶
946 2415 1076 2443 auctor.¹
1125 2414 1234 2444 Cicero
1250 2414 1306 2443 has
1323 2424 1409 2443 some
1425 2414 1548 2444 further
1558 2415 1700 2444 remarks

926 2467 966 2486 on
990 2458 1044 2486 the
1061 2457 1144 2485 word
1164 2457 1196 2485 in
1219 2467 1244 2486 c.
1266 2458 1313 2486 13.
1362 2457 1468 2486 Baiter
1483 2457 1557 2486 does
1573 2460 1630 2486 not
1645 2467 1700 2496 say

926 2499 952 2528 if
964 2499 1053 2528 there
1069 2500 1094 2528 is
1111 2509 1172 2538 any
1188 2500 1347 2538 authority
1370 2500 1417 2528 for
1440 2509 1458 2528 a
1476 2499 1604 2537 reading
1621 2504 1627 2516 ‘
1640 2500 1700 2529 hoc

923 2552 1037 2580 genere
1049 2542 1056 2555 '
1074 2542 1175 2570 which
1197 2542 1360 2571 Manutius
1384 2542 1509 2571 had.—⁴
1524 2542 1645 2571 nullum
1663 2564 1670 2571 .
1689 2564 1698 2571 .

921 2584 1076 2623 jussumz'
1102 2585 1155 2613 the
1179 2585 1317 2623 Populus
1343 2585 1505 2614 Romanus
1528 2585 1591 2614 had
1607 2584 1698 2614 made

923 2637 964 2656 no
994 2627 1058 2656 Lex
1090 2637 1124 2656 or
1153 2627 1354 2657 Plebiscitum
1381 2627 1478 2656 about
1503 2627 1556 2656 the
1574 2627 1696 2656 Foedus

925 2669 999 2698 with
1023 2670 1077 2698 the
1102 2670 1259 2704 Gaditani,
1284 2670 1346 2699 and
1369 2670 1568 2708 accordingly
1591 2670 1616 2698 if
1636 2679 1698 2708 any

924 2712 1015 2750 thing
1031 2722 1094 2741 was
1111 2713 1261 2751 excepted
1288 2713 1321 2742 in
1345 2712 1399 2741 the
1422 2712 1498 2745 Lex,
1525 2712 1612 2741 there
1634 2722 1697 2741 was

924 2755 1059 2792 nothing
1073 2759 1079 2771 ⁴
1089 2759 1321 2784 sacrosanctum
1330 2754 1337 2768 ’
1351 2760 1384 2783 to
1395 2758 1505 2793 except
1519 2765 1525 2789 ;
1543 2754 1600 2788 for,
1613 2764 1646 2783 as
1657 2754 1696 2783 he

925 2797 980 2826 has
997 2798 1061 2826 said
1078 2798 1194 2826 several
1210 2798 1312 2832 times,
1339 2797 1427 2826 there
1453 2797 1546 2834 being
1569 2806 1608 2825 no
1631 2796 1698 2826 Lex

922 2839 1022 2868 about
1038 2840 1091 2869 the
1109 2840 1232 2869 Foedus
1249 2840 1324 2869 with
1349 2839 1403 2868 the
1427 2839 1584 2873 Gaditani,
1608 2838 1698 2868 there

925 2892 986 2912 was
1003 2883 1135 2921 nothing
1151 2886 1157 2899 ‘
1172 2885 1406 2912 sacrosanctum
1418 2880 1426 2894 ⁷
1443 2882 1475 2910 in
1491 2880 1545 2911 the
1562 2880 1696 2911 Foedus.
