1816 3211
124 191 207 232 438
478 190 654 232 ORAT.
689 189 808 231 PRO
842 188 1006 229 REGE
1040 187 1359 231 DEIOTARO

127 303 197 359 qui
219 307 262 344 et
282 304 335 344 ab
357 318 406 344 eo
427 304 495 359 qui
520 303 561 344 in
586 304 731 345 iisdem
764 303 914 344 castris
938 302 1077 350 fuerit,
1100 306 1143 342 et
1174 316 1258 342 non
1279 302 1403 342 modo
1424 303 1534 357 apud
1564 308 1618 352 te,
1642 302 1716 343 sed

124 369 251 410 etiam
279 384 304 410 a
335 370 420 410 suis
450 374 685 410 accusetur.
748 368 840 409 Vos
861 374 999 409 vestra
1026 368 1210 408 secunda
1239 367 1421 415 fortuna,
1447 368 1610 420 Castor,
1634 384 1717 409 non

124 435 304 490 potestis
325 435 412 475 sine
434 435 758 490 propinquorum
782 434 1022 474 calamitate
1044 448 1136 474 esse
1158 434 1376 474 contenti?

183 499 270 540 XI.
305 500 399 539 Sint
431 514 529 539 sane
566 499 818 547 inimicitiae,
855 513 961 552 quae
989 513 1080 538 esse
1114 512 1195 538 non
1234 499 1575 541 debebant—rex
1609 500 1719 541 enim

126 564 353 604 Deiotarus
385 570 566 603 vestram
599 564 795 604 familiam
830 564 1041 617 abjectam
1074 568 1117 604 et
1153 563 1372 604 obscuram
1407 579 1429 605 e
1460 565 1646 606 tenebris
1678 565 1719 605 in

123 629 257 668 lucem
297 628 508 668 evocavit:
554 628 646 683 quis
679 633 797 669 tuum
838 633 1002 683 patrem
1035 632 1134 669 ante
1167 628 1261 683 quis
1297 634 1410 670 esset
1441 644 1563 684 quam
1600 631 1720 684 cujus

124 709 252 749 gener
274 698 386 734 esset
406 693 565 734 audivit
582 694 727 735 3——sed
758 694 945 749 quamvis
977 694 1142 748 ingrate
1174 698 1217 735 et
1245 693 1369 749 impie
1400 695 1720 736 necessitudinis

124 774 275 799 nomen
310 759 598 813 repudiaretis,
635 763 776 800 tamen
807 759 1046 800 inimicitias
1078 758 1291 799 hominum
1326 774 1440 800 more
1471 775 1616 815 gerere
1649 775 1720 814 po-

124 824 284 873 teratis,
308 839 391 864 non
411 824 511 865 ficto
532 824 704 864 crimine
726 824 937 873 insectari,
961 839 1043 864 non
1073 829 1271 878 expetere
1292 824 1433 873 vitam,
1457 840 1539 866 non
1571 825 1722 880 capitis

125 903 348 930 arcessere.
411 888 533 938 Esto,
557 889 810 929 concedatur
840 889 943 930 haec
971 903 1134 943 quoque
1162 889 1407 930 acerbitatis
1435 895 1479 931 et
1501 890 1584 931 odii
1605 905 1722 945 mag-

125 953 296 995 nitudo:
330 953 487 994 adeone
516 959 564 994 ut
599 954 737 994 omnia
759 954 870 995 vitae
906 953 1134 1008 salutisque
1170 954 1402 995 communis
1431 960 1559 1010 atque
1592 955 1722 996 etiam

125 1019 400 1060 humanitatis
422 1019 519 1072 jura
541 1018 776 1060 violentur?
838 1019 1011 1060 Servum
1033 1018 1257 1060 sollicitare
1278 1020 1426 1069 verbis,
1449 1035 1521 1074 spe
1542 1020 1720 1075 promis-

125 1084 264 1138 sisque
287 1098 562 1138 corrumpere,
587 1084 795 1124 abducere
824 1084 1004 1132 domum,
1028 1089 1175 1124 contra
1204 1083 1416 1124 dominum
1441 1099 1618 1133 armare,
1642 1086 1719 1125 hoc

125 1150 190 1187 est
211 1161 292 1186 non
321 1145 390 1185 uni
417 1145 666 1200 propinquo,
691 1146 765 1185 sed
791 1146 985 1186 omnibus
1013 1146 1178 1186 familiis
1204 1146 1407 1186 nefarium
1431 1147 1584 1187 bellum
1614 1147 1720 1187 indi-

126 1226 232 1252 cere.
295 1211 403 1250 Nam
427 1211 509 1251 ista
533 1211 774 1264 corruptela
800 1211 908 1251 servi
940 1211 975 1251 si
1002 1225 1084 1250 non
1115 1211 1239 1251 modo
1260 1210 1463 1265 impunita
1484 1212 1622 1260 fuerit,
1645 1213 1721 1253 sed.

126 1276 253 1317 etiam
275 1290 301 1315 a
321 1280 442 1316 tanta
463 1275 717 1315 auctoritate
739 1276 988 1330 approbata,
1003 1275 1102 1315 nulli
1123 1275 1303 1330 parietes
1320 1280 1507 1317 nostram
1524 1277 1715 1325 salutem,

127 1341 260 1381 nullae
291 1341 418 1395 leges,
443 1340 554 1381 nulla
586 1341 684 1395 jura
711 1341 964 1382 custodient.
1030 1339 1116 1380 Ubi
1147 1340 1257 1381 enim
1290 1341 1343 1391 id,
1369 1341 1477 1396 quod
1509 1342 1622 1383 intus
1654 1348 1720 1384 est

125 1410 252 1460 atque
273 1410 476 1456 nostrum,
499 1405 667 1460 impune
689 1406 852 1447 evolare
875 1410 1015 1461 potest
1037 1411 1265 1461 contraque
1289 1421 1365 1447 nos
1385 1422 1582 1462 pugna-re,
1606 1408 1656 1449 fit
1676 1409 1719 1449 in

126 1471 341 1511 dominatu
376 1471 568 1519 servitus
596 1470 637 1511 in
666 1471 869 1512 servitute
898 1471 1151 1513 dominatus.
1215 1471 1251 1512 O
1272 1476 1477 1527 tempora,
1501 1488 1524 1513 o
1552 1477 1715 1515 mores!

127 1536 202 1578 Cn.
226 1536 440 1577 Domitius
462 1536 538 1587 ille,
563 1551 685 1591 quem
715 1551 791 1578 nos
821 1537 939 1592 pueri
972 1537 1196 1586 consulem,
1227 1551 1454 1585 censorem,
1477 1538 1720 1592 pontificem

125 1601 350 1642 maximum
368 1601 556 1651 vidimus,
573 1616 698 1656 quum
716 1601 894 1642 tribunis
915 1601 1047 1657 plebis
1070 1602 1133 1642 M.
1152 1601 1356 1642 Scaurum
1378 1602 1607 1657 principem
1623 1603 1718 1643 civi-

126 1667 230 1708 tatis
256 1667 297 1706 in
324 1666 530 1721 judicium
559 1666 700 1721 populi
730 1667 974 1717 vocavisset,
1001 1666 1230 1721 Scaurique
1251 1681 1396 1707 servus
1416 1668 1469 1708 ad
1497 1682 1591 1707 eum
1613 1668 1718 1708 clam

127 1733 296 1773 domum
316 1731 511 1782 venisset,
535 1736 578 1772 et
600 1731 771 1772 crimina
792 1732 835 1772 in
857 1732 1068 1772 dominum
1090 1732 1325 1772 delaturum
1346 1746 1392 1772 se
1412 1747 1503 1772 esse
1525 1732 1715 1779 dixisset,

160 1852 273 1890 fuerit
289 1875 296 1882 .
312 1874 319 1882 .
338 1875 345 1882 .
363 1852 546 1890 accusetur]
594 1852 663 1881 The
674 1851 804 1890 reading
815 1851 849 1881 of
863 1851 900 1882 C.

128 1895 189 1925 and
200 1895 265 1925 also
281 1895 375 1929 ofR„
389 1895 450 1924 aud
466 1894 533 1924 cod.
550 1895 698 1931 Helmst.,
711 1897 822 1933 except
832 1894 901 1924 that

127 1938 217 1967 these
232 1941 294 1967 two
310 1938 389 1967 have
414 1940 421 1954 ‘
432 1940 463 1966 et
478 1947 541 1966 non
554 1937 671 1973 modo‚'
689 1940 745 1966 διο.
792 1937 826 1967 F.
844 1937 900 1966 has

130 1983 137 1997 ‘
149 1991 213 2010 non
230 1981 323 2010 modo
339 1991 357 2009 a
369 1980 551 2020 peregrinis,
563 1980 639 2009 sed.’
687 1980 783 2009 Halm
796 1980 900 2010 writes

130 2026 137 2040 ¹
149 2023 244 2053 fuerit
268 2027 300 2053 et
319 2033 337 2052 a
352 2024 415 2053 suis
440 2022 624 2057 accusetur‚'
649 2025 656 2039 ⁴
671 2033 707 2052 ex
725 2023 813 2053 codd.
831 2033 897 2052 ves-

129 2067 212 2105 tigiis
226 2066 233 2078 ’
259 2077 292 2096 as
311 2067 351 2095 he
372 2076 452 2105 says.
501 2066 595 2095 Halm
620 2065 682 2106 (ed.
705 2066 798 2106 1853)
815 2067 899 2105 gives

127 2110 217 2139 three
237 2119 363 2139 reasons
378 2109 449 2148 why
464 2109 520 2138 the
544 2109 673 2147 reading
696 2109 728 2138 in
753 2109 808 2138 the
831 2112 899 2138 text

127 2153 153 2182 is
179 2155 236 2182 not
261 2152 382 2188 sound3
414 2152 469 2181 the
494 2152 662 2181 variations
685 2151 721 2181 of
747 2152 801 2181 the
831 2152 900 2182 best

128 2195 247 2231 MSS.;
270 2195 325 2224 the
346 2195 423 2225 false
446 2195 557 2224 climax
583 2197 590 2210 ‘
604 2195 688 2233 apud
710 2194 762 2224 te'
786 2195 848 2224 and
865 2198 902 2224 ‘a

129 2239 193 2269 suis
207 2238 226 2275 ς’
250 2238 323 2274 and,
340 2238 443 2276 lasssy,
461 2237 500 2267 he
516 2247 586 2277 says
601 2237 671 2266 that
687 2237 796 2268 Cicero
810 2238 902 2268 could

129 2285 187 2311 not
216 2280 354 2320 possibly
379 2281 412 2310 in
438 2280 501 2310 this
532 2290 660 2319 passage
687 2281 843 2320 complain
869 2281 905 2311 of

129 2324 298 2354 Deiotarus
313 2323 408 2362 being
422 2323 552 2352 accused
568 2322 674 2352 before
690 2323 814 2354 Caesar.

176 2368 224 2397 ll.
251 2367 326 2396 Sint
340 2365 431 2404 sane]
480 2365 589 2395 Cicero
599 2366 712 2396 admits
728 2367 798 2396 that
813 2366 902 2397 there

129 2419 192 2439 was
207 2409 353 2438 disunion
368 2409 401 2437 in
417 2408 470 2438 the
485 2408 593 2447 family
606 2409 641 2438 of
654 2409 831 2446 Deiotarus,
844 2410 903 2440 but

130 2452 170 2482 he
185 2452 261 2481 does
271 2454 327 2480 not
339 2451 395 2480 tell
404 2461 441 2481 us
456 2451 511 2480 the
521 2461 628 2480 causes
643 2451 678 2481 of
686 2452 721 2481 it.
745 2453 814 2482 The
827 2453 902 2491 king

129 2504 191 2524 was
219 2493 372 2534 probably
396 2497 452 2524 not
476 2493 627 2530 faultless,
656 2495 718 2524 and
742 2506 788 2525 we
809 2496 901 2525 know

128 2537 199 2568 that
235 2537 284 2566 his
322 2537 505 2566 son-in-law
533 2537 595 2566 and
634 2538 790 2576 grandson
823 2548 902 2568 were

129 2580 385 2611 scoundrels.—‘
402 2583 476 2609 ante
513 2579 612 2619 quisz'
659 2581 776 2610 ‘antea
808 2580 900 2621 quis'

130 2623 237 2653 Halm.
284 2622 319 2652 C.
336 2622 392 2651 has
409 2626 416 2638 ⁴
428 2621 504 2661 qui.'
554 2622 649 2651 Halm
670 2623 815 2653 observes
831 2624 902 2654 that

128 2676 173 2696 we
189 2668 274 2695 must
289 2665 367 2694 have
392 2668 398 2681 ‘
414 2665 483 2704 quis
503 2664 607 2700 esset‚’
624 2668 680 2695 not
708 2666 780 2705 ‘qui
796 2665 900 2703 esset‚’

126 2709 259 2738 because
275 2708 328 2738 the
344 2708 487 2747 question
504 2708 529 2736 is
545 2712 601 2737 not
616 2708 712 2738 about
727 2709 782 2738 the
798 2709 900 2739 man's

127 2752 296 2787 character,
327 2750 385 2780 but
414 2750 511 2780 about
541 2751 589 2779 his
619 2756 797 2790 person.—‘
810 2755 898 2791 pote-

126 2795 200 2825 ratis
215 2794 234 2824 :'
275 2794 371 2824 Halm
401 2803 562 2832 compares
591 2794 645 2823 the
677 2794 779 2824 Greek
818 2796 898 2825 form

126 2837 205 2875 ἐξῆν
219 2849 226 2874 ;
249 2837 311 2867 and
327 2840 334 2854 ⁴
347 2836 431 2866 esto'
449 2836 489 2866 he
504 2846 665 2874 compares
681 2837 756 2866 with
772 2837 845 2868 εἶεν.

168 2881 285 2919 eapitis
321 2879 495 2917 arcessere]
554 2879 622 2909 The
658 2880 838 2918 expression
870 2881 896 2910 is

125 2923 284 2963 elliptical,
301 2932 334 2953 as
350 2932 368 2952 a
383 2922 580 2961 comparisou
596 2921 632 2951 of
643 2925 704 2952 two
720 2923 811 2952 other
825 2933 895 2963 pas-

945 1861 1034 1891 sages
1056 1851 1177 1881 shows:
1203 1854 1223 1869 ‘⁶
1235 1851 1344 1881 eodem
1362 1850 1492 1880 crimine
1507 1851 1539 1880 in
1557 1861 1716 1881 summum

945 1895 1054 1933 capitis
1081 1894 1254 1934 periculum
1282 1904 1437 1924 arcessere
1452 1894 1470 1907 ”
1501 1894 1577 1934 (Pro
1602 1894 1638 1924 C.
1654 1895 1717 1924 Ra-

944 1937 1034 1973 birio,
1051 1947 1076 1967 c.
1091 1937 1145 1977 9);
1170 1938 1230 1967 and
1250 1937 1298 1967 De
1312 1937 1375 1967 Off.
1393 1937 1424 1966 ii.
1450 1938 1509 1967 14:
1535 1940 1606 1966 “ne
1623 1948 1718 1977 quem

944 1990 1084 2020 unquam
1119 1981 1320 2010 innocentem
1354 1980 1473 2018 judicio
1521 1980 1631 2019 capitis
1668 1990 1718 2009 ar-

944 2033 1045 2053 cessas
1057 2023 1089 2060 ;’'
1115 2024 1217 2053 where
1232 2034 1278 2053 we
1291 2023 1404 2053 should
1425 2023 1561 2062 perhaps
1577 2023 1651 2053 read
1667 2027 1674 2040 ‘
1686 2023 1719 2052 in

940 2066 1116 2106 judicium.²

987 2119 1006 2139 a
1028 2112 1118 2139 tanta
1148 2108 1358 2148 auctoritate]
1406 2108 1490 2138 That
1519 2108 1546 2138 is
1573 2110 1611 2138 ‘a
1639 2108 1719 2139 Cae-

944 2151 1034 2182 sare.'

993 2195 1048 2225 Cn.
1066 2195 1230 2225 Domitius
1245 2194 1314 2234 ille]
1350 2193 1390 2224 In
1406 2193 1453 2223 his
1465 2193 1635 2228 tribunate,
1653 2202 1718 2224 13.c.

949 2239 1030 2274 1043
1054 2238 1108 2268 the
1133 2247 1218 2267 same
1243 2247 1317 2267 man
1336 2237 1406 2266 who
1429 2237 1462 2266 in
1487 2236 1535 2266 his
1559 2236 1719 2266 tribunate

946 2281 1101 2320 proposed
1126 2291 1145 2310 a
1171 2280 1237 2310 Lex
1264 2280 1302 2310 de
1333 2279 1520 2310 Sacerdotiis
1551 2278 1616 2319 (De
1640 2279 1718 2318 Leg.

946 2324 1022 2362 Agr.
1053 2324 1084 2353 ii.
1116 2324 1146 2360 7,
1173 2323 1235 2353 and
1265 2323 1319 2353 the
1342 2322 1443 2363 note).
1489 2322 1537 2352 Μ.
1565 2322 1719 2352 Aemilius

948 2367 1083 2397 Scaurus
1112 2376 1174 2396 was
1203 2366 1383 2405 repeatedly
1418 2365 1530 2395 named
1569 2365 1718 2404 Princeps

947 2410 1082 2440 Senatus
1097 2409 1140 2448 by
1155 2409 1210 2439 the
1233 2418 1369 2444 censors,
1394 2408 1457 2438 and
1473 2417 1507 2437 so
1524 2408 1564 2437 he
1578 2408 1604 2437 is
1619 2407 1718 2437 called

947 2453 1096 2492 Princeps
1112 2452 1265 2483 Civitatis.
1311 2451 1441 2482 Abrami
1459 2450 1555 2480 refers
1570 2453 1604 2480 to
1620 2451 1717 2480 Asco-

946 2496 1017 2525 nius
1032 2496 1065 2525 in
1083 2496 1294 2531 Scaurianam,
1310 2494 1381 2524 who
1404 2496 1499 2523 states
1515 2493 1586 2533 why
1604 2493 1716 2523 Domi-

945 2539 1008 2568 tius
1036 2542 1054 2555 “
1068 2539 1150 2568 diem
1168 2538 1197 2568 ei
1212 2538 1289 2567 dixit
1310 2537 1393 2576 apud
1418 2537 1571 2576 populum
1587 2539 1619 2566 et
1634 2536 1715 2565 mul-

945 2584 1010 2610 tam
1030 2580 1357 2619 irrogavit—Crimini
1373 2580 1468 2609 dabat
1488 2589 1574 2609 sacra
1590 2578 1715 2617 publica

946 2624 1055 2663 populi
1083 2624 1141 2654 Ro.
1168 2624 1261 2653 deum
1289 2623 1454 2652 Penatium
1481 2631 1561 2661 quae
1593 2621 1715 2650 Lavinii

945 2668 1057 2696 fierent
1087 2677 1183 2706 opera
1212 2667 1278 2705 ejus
1309 2666 1412 2695 minus
1449 2669 1532 2694 recte
1568 2667 1715 2702 casteque

944 2710 1020 2739 fieri.
1068 2710 1140 2743 Quo
1165 2710 1294 2739 crimine
1317 2708 1479 2738 absolutus
1505 2709 1552 2737 est
1579 2706 1714 2736 Scaurus

945 2752 1082 2792 quidem,
1097 2752 1150 2782 sed
1166 2753 1210 2782 ita
1225 2756 1261 2781 ut
1276 2763 1294 2782 a
1310 2751 1408 2780 tribus
1425 2749 1568 2780 tribubus
1583 2748 1712 2778 damna-

943 2799 1039 2831 retur,
1057 2806 1074 2825 a
1097 2795 1182 2825 xxxii
1209 2795 1429 2827 absolveretur,
1447 2792 1525 2822 etin
1546 2791 1590 2821 eis
1614 2801 1712 2829 pauca

940 2843 1057 2877 puncta
1080 2839 1162 2868 inter
1187 2838 1420 2867 damnationem
1436 2838 1467 2864 et
1482 2833 1711 2864 absolutionem

939 2880 1162 2911 interessent.’'
1190 2881 1267 2910 This
1282 2889 1343 2909 was
1359 2889 1378 2908 a
1394 2877 1562 2915 ‘judicium
1577 2876 1710 2916 populi!

941 2924 1000 2954 Sce
1015 2924 1086 2954 Vol.
1103 2924 1123 2954 i.
1141 2923 1300 2954 Excursus
1317 2922 1374 2958 II.‚
1393 2922 1400 2936 ‘
1412 2919 1559 2950 Judieia!
