1816 3211
765 190 898 234 GAP.
931 193 967 243 8,
993 193 1032 233 9.
1602 195 1680 235 601

89 305 203 346 illum
224 305 353 352 urbe,
389 304 498 360 quid,
528 304 582 346 D.
605 305 754 354 Bruto,
787 305 855 360 qui
878 304 1016 346 Gallia
1045 303 1288 360 prohibuit?
1346 304 1377 345 J
1381 319 1449 345 am
1470 319 1567 346 vero
1596 306 1684 361 ipse

89 384 136 410 se
159 370 340 424 placabit
362 377 405 411 et
426 370 553 411 leniet
573 370 808 426 provinciae
827 370 1001 417 Galliae,
1016 385 1041 411 a
1058 385 1139 425 qua
1155 370 1353 411 exclusus
1374 375 1418 411 et
1438 371 1684 425 repudiatus

38 448 40 450 ·
89 439 168 476 est.
233 435 386 476 Omnia
407 436 612 485 videbitis,
635 440 777 490 patres
799 435 1038 490 conscripti,
1061 435 1140 475 nisi
1170 434 1422 490 prospicitis
1447 436 1570 489 plena
1598 436 1683 476 odi-

89 513 220 549 orum,
243 501 365 556 plena
386 501 699 549 discordiarum,
723 515 774 541 ex
806 500 953 555 quibus
984 501 1173 541 oriuntur
1203 500 1313 541 bella
1334 499 1481 540 civilia.
1542 499 1685 541 Nolite

87 564 219 620 igitur
248 567 289 606 id
319 566 421 607 velle
454 567 564 620 quod
600 567 689 607 fieri
714 581 797 607 non
832 570 986 620 potest,
1021 571 1065 607 et
1092 571 1251 615 cavete,
1285 580 1358 620 per
1387 566 1487 606 deos
1519 565 1685 606 immor-

87 630 206 679 tales,
239 635 382 685 patres
411 631 647 685 conscripti,
671 646 723 672 ne
750 645 824 686 spe
854 631 1086 685 praesentis
1118 630 1233 686 pacis
1264 634 1508 686 perpetuam
1537 645 1686 686 pacem

86 694 308 735 amittatis.
846 739 849 741 ,

147 758 233 799 ΙΧ.
267 759 477 811 Quorsum
498 758 601 799 haec
625 759 758 799 omnis
779 764 947 814 spectat
968 760 1130 801 oratio?
1161 759 1261 814 quid
1291 759 1401 800 enim
1430 759 1561 815 legati
1590 774 1684 815 ege-

86 823 171 864 rint
192 824 375 864 nondum
397 823 562 864 scimus.
625 823 689 864 At
710 838 807 864 vero
830 824 1018 874 excitati,
1038 824 1180 873 erecti,
1199 824 1348 878 parati,
1368 824 1519 865 armati
1536 825 1685 866 animis

82 889 172 943 jam
203 903 293 929 esse
325 889 534 939 debemus,
558 903 610 928 ne
642 888 794 928 blanda
825 893 900 930 aut
932 888 1107 944 supplici
1138 889 1326 929 oratione
1359 893 1434 929 aut
1461 890 1686 943 aequitatis

86 954 349 994 simulatione
388 954 594 994 fallamur.
658 953 810 994 Omnia
841 953 989 994 fecerit
1022 957 1204 1008 oportet,
1243 968 1348 1008 quae
1388 953 1612 994 interdicta
1643 960 1686 995 et

88 1019 336 1060 denuntiata
356 1023 465 1068 sunt,
481 1018 595 1073 prius
618 1033 743 1072 quam
759 1018 916 1073 aliquid
937 1019 1147 1073 postulet:
1174 1018 1351 1060 Brutum
1371 1019 1686 1074 exercitumque

87 1084 178 1138 ejus
194 1098 446 1139 oppugnare,
463 1085 587 1124 urbes
604 1088 646 1124 et
662 1098 787 1138 agros
805 1083 1041 1138 provinciae
1059 1084 1219 1124 Galliae
1241 1083 1428 1139 populari
1446 1084 1656 1125 destiterit
1671 1101 1682 1131 ς

86 1149 141 1188 ad
162 1148 341 1189 Brutum
362 1148 540 1188 adeundi
571 1148 723 1203 legatis
753 1152 1009 1203 potestatem
1038 1148 1197 1197 fecerit,
1222 1149 1454 1189 exercitum
1476 1149 1582 1190 citra
1611 1149 1685 1190 flu-

86 1227 182 1253 men
206 1212 465 1253 Rubiconem
481 1212 689 1262 eduxerit,
707 1227 782 1253 nec
800 1213 970 1267 propius
987 1214 1132 1253 urbem
1149 1213 1277 1254 millia
1293 1228 1489 1268 passuum
1507 1214 1687 1255 ducenta

89 1277 322 1318 admoverit
340 1294 350 1324 ;
385 1277 512 1317 fuerit
527 1282 570 1318 et
586 1277 627 1317 in
644 1282 815 1318 senatus
831 1282 875 1318 et
889 1277 928 1317 in
944 1278 1084 1332 populi
1099 1277 1279 1318 Romani
1293 1283 1519 1332 potestate.
1564 1278 1685 1319 Haec

89 1343 123 1384 si
144 1342 304 1392 fecerit,
327 1341 407 1383 erit
439 1341 602 1396 integra
634 1346 824 1397 potestas
856 1343 976 1382 nobis
999 1343 1268 1383 deliberandi.
1332 1343 1376 1383 Si
1409 1343 1572 1383 senatui
1602 1358 1686 1384 non

89 1407 289 1462 paruerit,
313 1422 396 1447 non
424 1406 481 1447 illi
503 1411 687 1456 senatus,
711 1407 784 1447 sed
812 1406 877 1447 ille
898 1407 1052 1462 populo
1085 1407 1276 1448 Romano
1298 1407 1451 1447 bellum
1473 1407 1683 1449 indixerit.

91 1472 174 1513 Sed
195 1487 267 1513 vos
288 1486 449 1518 moneo,
479 1476 622 1527 patres
647 1471 902 1526 conscripti;
937 1472 1110 1513 libertas
1143 1472 1284 1526 agitur
1316 1473 1456 1527 populi
1491 1472 1682 1523 Romani,

88 1551 193 1592 quae
216 1542 282 1578 est
303 1538 594 1578 commendata
614 1536 758 1584 vobis;
793 1537 879 1577 vita
904 1542 948 1578 et
975 1537 1167 1578 fortunae
1189 1538 1334 1592 optimi
1366 1538 1579 1592 cujusque,
1603 1552 1684 1592 quo

88 1602 361 1657 cupiditatem
392 1601 597 1642 infinitam
622 1616 716 1642 cum
747 1601 916 1642 immani
948 1602 1195 1642 crudelitate
1222 1603 1472 1656 jampridem
1503 1603 1685 1644 intendit

89 1667 331 1714 Antonius3
377 1666 610 1707 auctoritas
651 1672 803 1714 vestra,
846 1681 968 1721 quam
1009 1667 1163 1706 nullam
1203 1667 1423 1717 habebitis,
1462 1667 1540 1707 nisi
1577 1682 1684 1707 nunc

88 1731 332 1779 tenueritis3
364 1735 547 1772 taetram
570 1735 614 1772 et
638 1731 880 1786 pestiferam
901 1731 1082 1771 belluam
1112 1745 1164 1771 ne
1196 1731 1397 1772 inclusam
1419 1736 1461 1772 et
1483 1732 1683 1773 constric-

85 1802 173 1838 tam
194 1796 418 1838 dimittatis
440 1801 598 1837 cavete.
660 1796 721 1837 Te
743 1796 891 1851 ipsum,
917 1796 1070 1846 Pansa,
1094 1811 1568 1851 moneo,—quamquam
1600 1812 1683 1838 non

86 1876 185 1917 eges
207 1862 391 1913 consilio,
410 1876 491 1913 quo
513 1861 625 1902 vales
647 1861 881 1916 plurimum,
901 1866 1044 1903 tamen
1066 1861 1193 1902 etiam
1210 1861 1359 1902 summi
1380 1863 1684 1916 gubernatores

86 1927 129 1968 in
149 1927 312 1982 magnis
333 1926 662 1982 tempestatibus
683 1941 708 1966 a
729 1926 966 1968 vectoribus
987 1927 1201 1967 admoneri
1233 1927 1370 1968 solent
1389 1927 1569 1967 :—hunc
1593 1933 1683 1968 tan-

86 1997 177 2034 tum
206 1997 325 2033 tuum
353 1996 602 2047 apparatum
635 1996 805 2046 tamque
838 1991 1096 2046 praeclarum
1129 2007 1181 2032 ne
1213 1993 1266 2032 ad
1293 1992 1467 2032 nihilum
1499 1993 1683 2034 recidere

86 2056 263 2113 patiare.
324 2056 508 2111 Tempus
541 2056 671 2096 habes
704 2056 788 2096 tale
824 2056 944 2110 quale
977 2071 1098 2096 nemo
1131 2056 1279 2098 habuit
1313 2071 1523 2111 umquam.
1587 2057 1682 2098 Hac

87 2121 297 2177 gravitate
328 2126 511 2168 senatus,
534 2121 612 2160 hoc
638 2119 779 2161 studio
807 2120 1014 2174 equestris
1047 2120 1214 2170 ordinis,
1250 2121 1328 2161 hoc
1361 2122 1510 2161 ardore
1541 2122 1682 2176 populi

89 2186 265 2227 Romani
289 2190 409 2240 potes
431 2185 472 2225 in
494 2189 739 2240 perpetuum
756 2199 843 2225 rem
865 2185 1074 2239 publicam
1091 2191 1205 2226 met-u
1222 2190 1265 2239 ct
1286 2185 1468 2240 periculo
1490 2185 1680 2227 liberare.

90 2251 249 2304 Quibus
271 2252 322 2291 de
344 2251 469 2291 rebus
491 2250 632 2299 refers,
659 2249 707 2290 P.
733 2249 905 2290 Servilio
927 2249 1148 2290 assentior.

89 2378 190 2399 seems
213 2371 246 2398 10
272 2377 361 2397 mean
391 2369 398 2383 ‘
413 2376 445 2395 sc
470 2366 606 2405 placabit
631 2367 663 2395 et
690 2375 723 2395 se
745 2365 863 2399 1011101,’
908 2365 948 2395 vi.
967 2375 993 2394 c.
1011 2366 1042 2395 3.

90 2411 149 2441 ‘he
176 2411 237 2440 will
262 2411 363 2450 pacify
384 2409 513 2438 himself
532 2409 593 2438 and
621 2409 712 2437 make
740 2408 869 2437 himself
951 2407 1148 2447 vectoribus]
1197 2407 1265 2437 The
1283 2418 1477 2447 passengcrs.

88 2454 194 2494 gentle
210 2457 243 2483 to
259 2453 314 2483 the
337 2452 499 2482 Provincia
521 2448 644 2481 Gallia!
693 2452 756 2481 But
774 2451 787 2480 Ι
806 2461 863 2480 can
957 2452 1077 2486 Quibus
1093 2451 1131 2480 de
1147 2451 1254 2490 rebus]
1305 2455 1323 2467 “
1336 2451 1455 2481 Mirum
1473 2451 1570 2481 videri
1592 2453 1681 2490 poto-

89 2497 154 2527 find
187 2507 227 2526 no
257 2496 348 2526 other
385 2496 542 2524 instances
576 2494 611 2523 of
645 2494 708 2523 this
746 2503 801 2523 use
832 2493 867 2522 of
908 2497 957 2523 rut
973 2494 1155 2524 Ciceronem
1184 2497 1251 2523 tota
1275 2494 1333 2524 hac
1356 2495 1498 2524 oratione
1521 2494 1597 2523 1111111
1615 2494 1680 2523 ‹lix-

89 2543 97 2557 ⁴
111 2539 230 2569 lenire.’
278 2539 309 2568 It
324 2539 350 2568 is
366 2538 454 2567 usual
471 2541 503 2566 to
520 2538 607 2576 place
625 2538 636 2566 ?
653 2537 732 2566 nster
749 2540 756 2552 ⁴
771 2546 862 2575 101111-
908 2537 967 2566 isse
983 2537 1022 2566 (10
1043 2537 1079 2566 iis
1105 2547 1185 2576 quae
1209 2537 1248 2566 ad
1275 2541 1418 2567 sonatum
1446 2537 1543 2567 reluta
1570 2541 1659 2566 orant.
1674 2549 1680 2566 z

89 2582 191 2612 diatus
219 2581 288 2612 est.'
338 2581 399 2610 But
416 2581 471 2610 the
487 2580 566 2609 form
583 2580 619 2609 of
642 2580 695 2609 1110
717 2582 863 2609 sentence
908 2589 979 2609 cum
1011 2580 1088 2609 hauc
1119 2584 1279 2619 postrema
1310 2580 1405 2610 verbu
1435 2581 1466 2609 in
1498 2580 1564 2610 aliis
1596 2580 1682 2609 libris

88 2626 115 2655 is
140 2629 196 2655 not
220 2624 451 2663 interrogative.
497 2623 574 2652 This
600 2623 626 2652 is
648 2622 714 2652 said
744 2632 862 2652 31110113-
907 2632 1022 2660 magno
1044 2623 1239 2654 librariorum
1275 2623 1394 2663 flagitio
1431 2623 1517 2653 11111111
1543 2627 1647 2652 cssvnt
1662 2622 1680 2634 '’

88 2668 205 2708 tically.
906 2665 1096 2706 (Muretus).

132 2713 163 2742 9.
187 2711 383 2741 Rubiconem
412 2732 418 2739 .
438 2731 445 2739 .
464 2731 471 2739 .
499 2708 653 2748 ducenta]
704 2708 762 2738 Sco
778 2707 860 2738 Phil.
