1816 3211
90 168 173 208 614
244 164 422 207 ORAT.
455 164 968 207 PHILIPPIGARUM
1004 165 1190 207 LIBER
1222 165 1522 208 OCTAVUS.

87 278 295 320 libertatis
327 278 523 320 sexennio
557 283 654 333 post
686 278 816 318 simus
850 277 1026 332 ingressi
1058 278 1295 333 diutiusque
1317 278 1563 320 servitutem
1584 294 1676 335 per-

85 344 197 399 pessi
220 358 343 399 quam
361 343 514 398 captivi
536 343 643 384 servi
664 342 774 396 frugi
796 347 839 383 et
861 342 1083 396 diligentes
1096 343 1245 394 solent,
1264 357 1367 398 quas
1383 342 1552 397 vigilias,
1572 359 1676 398 quas

86 408 398 455 sollicitudines,
419 422 523 461 quos
543 408 707 447 labores
728 407 930 446 liberandi
952 407 1091 461 populi
1115 407 1293 448 Romani
1316 421 1464 448 caussa
1484 422 1674 449 recusare

86 474 310 514 debemus?
371 471 590 525 Equidem,
623 476 764 525 patres
787 471 1027 526 conscripti,
1059 486 1310 526 quamquam
1332 472 1411 512 hoc
1432 472 1589 513 honore
1611 473 1675 513 usi

85 536 222 591 togati
252 536 386 576 solent
416 549 518 584 esse,
543 549 669 589 quum
692 539 757 576 est
778 534 820 574 in
841 535 954 590 sagis
990 536 1149 585 civitas,
1176 536 1309 577 statui
1342 542 1484 577 tamen
1515 551 1541 576 a
1560 537 1677 577 vobis

86 600 317 654 ceterisque
349 599 508 640 civibus
530 599 572 639 in
593 604 714 641 tanta
740 599 968 641 atrocitate
1000 600 1199 654 temporis
1230 605 1433 655 tantaque
1460 601 1678 655 perturba-

82 665 197 705 tione
217 664 277 704 rei
298 663 485 719 publicae
520 679 604 704 non
637 664 801 704 differre
827 664 999 706 vestitu.
1062 664 1158 705 Non
1187 665 1296 706 enim
1317 665 1377 706 ita
1397 665 1580 720 gerimus
1599 680 1677 706 nos

82 729 163 770 hoc
191 729 299 770 bello
331 728 568 782 consulares
589 734 636 770 ut
657 743 790 784 aequo
823 728 962 769 animo
990 730 1169 784 populus
1201 730 1417 771 Romanus
1437 730 1601 770 visurus
1620 730 1676 780 sit

82 793 216 835 nostri
255 794 425 834 honoris
465 793 656 849 insignia,
694 809 821 848 quum
856 794 1009 849 partim
1044 809 1067 835 e
1097 795 1217 835 nobis
1252 795 1312 835 ita
1347 794 1482 835 timidi
1514 794 1599 835 sint
1629 800 1676 836 ut

83 873 248 899 omnem
268 858 410 913 populi
439 858 619 899 Romani
651 858 944 899 beneficiorum
980 859 1223 900 memoriam
1255 859 1499 913 abjecerint,
1522 859 1676 913 partim

82 923 144 964 ita
164 937 190 963 a
210 937 254 963 re
275 923 440 977 publica
469 923 601 964 aversi
638 928 686 963 ut
721 929 774 963 se*
800 923 913 964 hosti
945 924 1084 964 favere
1118 938 1217 978 prae
1252 938 1297 963 se
1331 924 1480 970 ferant,
1512 923 1675 977 legatos

80 993 251 1029 nostros
271 989 323 1028 ab
346 988 534 1029 Antonio
568 988 790 1042 despectos
823 1002 913 1029 esse
934 993 978 1029 et
999 988 1142 1028 irrisos
1170 987 1290 1028 facile
1312 987 1538 1042 patiantur,
1560 988 1675 1042 lega-

80 1057 173 1093 tum
203 1052 380 1093 Antonii
412 1053 677 1093 sublevatum
706 1052 846 1093 velint.
910 1052 1037 1093 Hunc
1070 1052 1179 1092 enim
1207 1052 1345 1093 reditu
1364 1053 1418 1093 ad
1440 1052 1675 1093 Antonium

79 1116 291 1171 prohiberi
324 1118 538 1171 negabant
570 1120 774 1171 oportere,
807 1121 851 1158 et
882 1116 925 1156 in
958 1117 1106 1157 eodem
1142 1117 1386 1171 excipiendo
1422 1117 1673 1158 sententiam

79 1196 216 1221 meam
238 1181 529 1236 corrigebant3
565 1180 714 1234 quibus
734 1195 877 1235 geram
898 1196 1070 1222 morem.
1123 1181 1286 1222 Redeat
1306 1181 1358 1221 ad
1379 1181 1673 1236 imperatorem

79 1260 200 1286 suum
223 1244 392 1293 Varius,
416 1246 491 1285 sed
513 1259 562 1286 ea
582 1245 673 1299 lege
694 1260 746 1285 ne
766 1260 966 1300 umquum
995 1245 1173 1286 Romam
1202 1251 1452 1287 revertatur.
1513 1246 1674 1288 Ceteris

80 1314 234 1358 autem,
259 1309 293 1350 si
315 1324 499 1350 errorem
527 1324 648 1350 suum
681 1310 963 1364 deposuerint,
987 1315 1031 1352 et
1062 1325 1157 1351 cum
1178 1325 1224 1350 re
1244 1311 1410 1365 publica
1430 1310 1472 1351 in
1493 1311 1674 1366 gratiam

79 1374 292 1423 redierint,
316 1374 479 1415 veniam
500 1379 541 1415 et
563 1375 857 1429 impunitatem
878 1376 1057 1416 dandam
1078 1381 1196 1431 puto.

138 1439 252 1491 Quas
274 1440 326 1480 ob
347 1454 414 1480 res
444 1439 505 1481 ita
526 1454 697 1481 censeo:
734 1440 893 1480 Eorum
925 1440 994 1495 qui
1031 1455 1127 1481 cum
1151 1440 1216 1481 M.
1238 1440 1429 1486 Antonio
1460 1444 1570 1489 sunt,
1603 1439 1673 1495 qui

80 1504 132 1544 ab
165 1503 292 1545 armis
327 1504 605 1553 discesserint,
641 1509 684 1546 et
715 1510 790 1546 aut
816 1505 868 1546 ad
906 1505 952 1546 G.
982 1505 1167 1546 Pansam
1199 1510 1273 1546 aut
1305 1506 1359 1546 ad
1391 1505 1448 1546 A.
1484 1505 1673 1545 Hirtium

80 1568 282 1619 consules,
311 1574 386 1611 aut
407 1569 460 1609 ad
487 1569 706 1610 Decimum
738 1569 919 1611 Brutum
951 1570 1258 1625 imperatorem,
1295 1571 1505 1611 consulem
1536 1569 1672 1625 desig-

80 1638 238 1682 natum,
273 1639 348 1674 aut
372 1634 426 1674 ad
451 1633 498 1675 C.
521 1633 742 1675 Gaesarem
769 1649 845 1689 pro
878 1640 1070 1689 praetore
1102 1639 1201 1676 ante
1239 1635 1342 1675 Idus
1380 1634 1561 1675 Martias
1589 1634 1671 1688 pri-

80 1712 171 1739 mas
202 1699 392 1748 adierint,
416 1699 467 1739 iis
486 1699 622 1739 fraudi
650 1713 701 1739 ne
728 1699 785 1740 sit
814 1700 926 1753 quod
957 1714 1053 1740 oum
1088 1699 1151 1739 M.
1175 1698 1364 1740 Antonio
1396 1698 1563 1739 fuerint.
1626 1697 1671 1738 Si

79 1762 173 1817 quis
206 1777 349 1803 eorum
380 1762 449 1817 qui
479 1776 573 1802 cum
608 1762 671 1802 M.
694 1763 883 1803 Antonio
909 1768 1008 1803 sunt
1037 1762 1185 1802 fecerit
1217 1763 1328 1816 quod
1360 1762 1518 1803 honore
1553 1776 1669 1817 prae-

77 1827 211 1867 miove
247 1826 418 1879 dignum
451 1840 541 1866 esse
576 1826 778 1876 videatur,
819 1826 882 1866 uti
919 1826 965 1867 O.
997 1826 1140 1867 Pansa
1174 1826 1230 1867 A.
1261 1826 1430 1867 Hirtius
1465 1827 1666 1877 consules,

76 1890 185 1931 alter
215 1890 400 1939 ambove,
437 1889 472 1930 si
508 1889 568 1930 eis
603 1889 825 1939 videbitur,
864 1890 914 1931 de
949 1891 1040 1944 ejus
1079 1890 1236 1930 honore
1270 1890 1506 1945 praemiove
1538 1891 1670 1945 primo

76 1969 241 2009 quoque
274 1954 339 1994 die
368 1954 422 1994 ad
454 1959 645 1995 senatum
677 1955 873 1996 referant.
936 1955 981 1995 Si
1009 1955 1101 2010 quis
1133 1959 1231 2010 post
1262 1956 1341 1996 hoc
1370 1961 1541 1997 senatus
1573 1971 1669 1997 con-

76 2018 231 2059 sultum
252 2018 305 2058 ad
327 2018 560 2059 Antonium
590 2018 803 2072 profectus
833 2019 960 2060 fuerit
990 2024 1156 2074 praeter
1180 2019 1229 2060 L.
1253 2019 1443 2071 Varium,
1477 2026 1670 2062 senatum

76 2081 413 2123 existimaturum
434 2096 529 2122 eum
551 2087 698 2123 contra
719 2097 806 2124 rem
828 2083 1039 2138 publicam
1060 2083 1220 2125 fecisse.

122 2193 171 2223 11.
195 2195 345 2223 seoeenm'o
364 2194 454 2234 post]
503 2195 598 2225 From
624 2205 688 2226 B.c.
712 2197 754 2226 49
780 2195 849 2232 (the
894 2205 975 2225 were
990 2198 1038 2225 set
1053 2195 1127 2232 free,
1141 2196 1231 2226 when
1247 2195 1322 2236 they
1334 2206 1415 2226 were
1430 2206 1504 2226 men
1515 2196 1552 2226 of
1564 2197 1668 2227 merit.

76 2236 257 2274 consulship
288 2236 323 2265 of
353 2236 387 2266 C,
412 2237 561 2267 Claudius
584 2238 754 2268 Marcellus
788 2238 851 2268 and
940 2239 999 2268 Izoc
1024 2239 1158 2278 honore]
1209 2239 1260 2268 He
1291 2248 1400 2268 means
1430 2240 1485 2269 the
1514 2243 1666 2276 senators,

76 2277 114 2307 L.
132 2277 296 2308 Cornelius
312 2278 480 2316 Lentulus)
497 2284 531 2310 to
550 2290 614 2310 13.c.
631 2282 682 2311 43.
892 2280 963 2310 who
993 2281 1070 2310 used
1100 2284 1133 2310 to
1164 2290 1245 2310 wear
1275 2281 1329 2311 the
1354 2282 1469 2320 ‘toga‚’
1497 2282 1589 2311 when
1611 2282 1668 2312 the

120 2320 218 2358 servi]
245 2320 285 2356 V,
302 2330 364 2350 om.
382 2322 423 2351 D.
471 2323 565 2353 Some
581 2324 683 2353 critios
706 2322 806 2358 doubt
826 2322 855 2352 if
893 2323 985 2352 other
1015 2323 1144 2353 citizens
1174 2323 1320 2353 assumed
1357 2324 1412 2354 the
1442 2327 1449 2340 ⁴
1461 2324 1593 2364 sagum,'
1630 2334 1666 2354 or

77 2370 124 2390 we
140 2361 252 2391 should
269 2364 369 2392 retain
382 2364 459 2394 both
473 2368 480 2381 ‘
493 2366 606 2404 captivi
618 2366 625 2378 '
639 2365 700 2395 and
718 2369 725 2382 ‘
738 2366 817 2395 servi
829 2365 848 2402 ;’
895 2365 982 2395 dress
998 2365 1034 2395 of
1045 2376 1120 2395 war.

77 2403 137 2432 but
149 2403 268 2441 Cicero,
279 2404 294 2434 Ι
306 2415 451 2444 suppose,
462 2417 570 2438 means
580 2409 679 2438 slaves
689 2409 759 2437 who
769 2408 849 2438 have
941 2408 1074 2447 Varius]
1102 2408 1279 2447 Cotyla.—‘
1290 2411 1464 2439 revertatur
1476 2421 1497 2448 εμ
1519 2418 1570 2440 see
1583 2409 1665 2439 Phil.

77 2444 158 2475 been
173 2450 228 2484 got
250 2446 292 2486 by
308 2452 434 2486 capture
449 2450 482 2479 in
503 2461 575 2487 war,
592 2461 684 2490 many
697 2451 732 2480 of
744 2451 849 2480 whom
892 2450 913 2480 i.
936 2452 964 2487 l,
981 2451 1043 2480 and
1059 2451 1112 2480 the
1128 2455 1214 2481 note.
