1816 3211
734 163 870 205 GAP.
900 165 1054 205 9—11.
1608 167 1688 208 613

92 277 293 332 suspicor,
327 281 464 319 terror
497 281 587 319 erat
622 276 802 333 quidam,
834 291 912 317 nec
947 291 1020 317 vos
1041 280 1088 317 ut
1108 276 1236 330 legati
1256 277 1366 331 apud
1388 276 1505 317 illum
1533 277 1682 327 fuistis,

93 356 171 382 nec
207 347 254 383 ut
280 343 518 383 consulares
553 356 628 382 nec
664 356 737 382 vos
770 349 953 382 vestram
989 355 1065 381 nec
1104 341 1162 382 rei
1203 341 1394 396 publicae
1436 342 1686 396 dignitatem

95 411 236 447 tenere
266 407 477 461 potuistis.
539 406 599 447 Et
630 411 773 448 tamen
802 405 944 446 nescio
973 420 1054 460 quo
1088 410 1212 461 paeto
1246 406 1453 461 sapientia
1490 407 1682 461 quadam,

94 471 230 520 credo,
258 472 367 526 quod
399 486 477 526 ego
512 487 592 512 non
624 486 800 526 possem,
835 485 919 511 non
951 471 1074 511 nimis
1108 471 1205 512 irati
1238 471 1485 512 revertistis.
1549 471 1684 512 Vobis

94 534 158 575 M.
181 535 392 576 Antonius
424 536 524 576 nihil
545 536 704 583 tribuit,
730 535 966 576 clarissimis
988 535 1096 584 viris,
1127 535 1280 590 legatis
1302 535 1444 590 populi
1474 536 1653 576 Romani
1673 552 1681 576 :

90 614 167 640 nos
189 600 288 654 quid
309 615 391 640 non
411 601 550 655 legato
575 601 637 640 M.
661 600 838 641 Antonii
861 600 1035 654 Cotylae
1066 600 1377 641 concessimus?
1439 599 1516 641 Cui
1537 605 1684 655 portas

90 663 215 717 hujus
246 663 361 704 urbis
392 669 538 718 patere
566 665 636 718 jus
662 679 745 704 non
781 669 883 710 erat,
915 664 1010 705 huic
1043 664 1123 705 hoc
1155 664 1356 719 templum
1389 664 1552 719 patuit;
1587 664 1684 705 huic

89 728 230 769 aditus
250 728 291 768 in
311 733 503 769 senatum
523 728 604 769 fuit
622 745 632 775 3
668 728 734 768 hic
755 728 951 769 hesterno
973 729 1039 769 die
1061 729 1293 770 sententias
1313 735 1482 770 nostras
1504 729 1547 769 in
1569 729 1681 769 codi-

90 792 203 833 cillos
224 798 266 834 et
289 793 426 834 omnia
454 794 581 834 verba
612 793 848 840 referebat3
884 793 979 833 huic
1010 807 1054 834 se
1086 793 1214 834 etiam
1246 794 1418 834 summis
1454 794 1681 834 honoribus

88 857 153 898 usi
174 862 321 899 contra
341 873 458 899 suam
481 857 734 913 dignitatem
755 856 1041 898 venditabant.
1104 856 1139 897 O
1158 857 1213 896 dii
1235 857 1491 897 immortales
1513 860 1520 897 l
1556 872 1681 912 quam

88 937 288 977 magnum
326 927 390 963 est
421 936 643 977 personam
675 921 717 961 in
752 936 797 962 re
837 921 1003 976 publica
1042 920 1151 962 tueri
1186 920 1413 975 principis!
1449 935 1555 975 quae
1597 935 1682 962 non

87 986 235 1028 animis
274 987 408 1027 solum
448 987 585 1036 debet,
621 987 694 1027 sed
735 986 863 1027 etiam
904 986 1036 1027 oculis
1077 985 1232 1026 servire
1268 985 1433 1026 civium.
1496 985 1681 1026 Domum

87 1051 270 1106 recipere
291 1052 476 1107 legatum
503 1052 698 1101 hostium,
722 1051 764 1091 in
786 1051 1020 1091 cubiculum
1050 1050 1286 1099 admittere,
1316 1050 1445 1091 etiam
1481 1051 1679 1092 seducere

88 1115 266 1157 hominis
286 1122 351 1157 est
371 1116 472 1156 nihil
493 1116 543 1156 de
565 1115 781 1170 dignitate,
804 1116 976 1156 nimium
999 1116 1050 1155 de
1071 1115 1254 1169 periculo
1276 1115 1519 1169 cogitantis.
1558 1116 1680 1167 Quod

88 1184 229 1220 autem
251 1185 316 1221 est
336 1180 594 1236 periculum?
653 1180 762 1220 Nam
783 1179 817 1220 si
839 1180 1065 1220 maximum
1089 1180 1132 1219 in
1153 1179 1373 1220 discrimen
1394 1180 1569 1229 venitur,
1603 1184 1679 1221 aut

87 1243 258 1286 libertas
289 1250 438 1299 parata
457 1244 603 1285 victori
625 1250 690 1285 est
710 1249 784 1284 aut
816 1258 930 1284 mors
957 1244 1173 1298 proposita
1193 1244 1330 1291 victo;
1366 1258 1543 1298 quorum
1573 1245 1676 1285 alte-

87 1323 179 1349 rum
212 1310 394 1364 optabile
429 1314 506 1358 est,
544 1309 720 1350 alterum
753 1308 934 1363 effugere
968 1323 1090 1349 nemo
1123 1313 1280 1363 potest.
1343 1308 1496 1362 Turpis
1535 1315 1677 1349 autem

87 1373 187 1428 fuga
206 1374 354 1415 mortis
375 1374 486 1415 omni
507 1379 572 1415 est
591 1378 725 1414 morte
742 1373 872 1428 pejor.
907 1372 1016 1412 Nam
1030 1372 1127 1412 illud
1142 1372 1310 1427 quidem
1323 1388 1407 1413 non
1424 1373 1612 1414 adducor
1629 1378 1677 1414 ut

88 1439 266 1487 credam,
282 1453 373 1479 esse
395 1438 595 1493 quosdam
617 1437 686 1492 qui
708 1438 919 1477 invideant
940 1437 1116 1490 alicujus
1138 1437 1414 1485 constantiae,
1438 1437 1508 1492 qui
1526 1437 1674 1487 labori,

87 1502 177 1555 ejus
199 1508 443 1558 perpetuam
464 1502 506 1542 in
527 1517 570 1543 re
592 1502 758 1557 publiea
773 1502 1012 1556 adjuvanda
1037 1502 1295 1542 voluntatem
1315 1507 1358 1543 et
1378 1516 1403 1542 a
1419 1507 1566 1544 senatu
1589 1507 1633 1543 et
1653 1516 1678 1543 a

86 1568 239 1622 populo
269 1567 457 1608 Romano
482 1567 649 1623 probari
681 1567 861 1607 moleste
889 1566 1041 1607 ferant.
1103 1567 1260 1607 Omnes
1282 1567 1322 1606 id
1344 1567 1510 1621 quidem
1539 1567 1676 1608 facere

86 1632 350 1682 debebamus,
383 1647 515 1687 eaque
545 1636 636 1673 erat
667 1646 750 1672 non
771 1631 893 1672 modo
915 1632 1025 1685 apud
1046 1631 1226 1685 majores
1249 1636 1427 1681 nostros,
1451 1632 1525 1672 sed
1546 1632 1676 1673 etiam

84 1711 216 1751 nuper
234 1712 397 1738 summa
420 1697 510 1737 laus
539 1696 829 1746 consularium,
853 1695 1034 1750 vigilare,
1070 1696 1216 1736 adesse
1243 1696 1394 1745 animo,
1418 1711 1582 1751 semper
1603 1696 1674 1737 ali-

84 1761 183 1816 quid
203 1776 278 1817 pro
299 1777 344 1803 re
364 1761 530 1817 publica
551 1766 626 1802 aut
646 1761 830 1815 cogitare
851 1765 926 1800 aut
948 1760 1082 1800 faeere
1103 1764 1178 1801 aut
1199 1760 1349 1801 dicere.
1399 1760 1506 1815 Ego,
1530 1767 1674 1815 patres

85 1827 322 1881 conscripti,
356 1826 406 1878 Q.
430 1825 671 1867 Scaevolam
705 1839 905 1879 augurem
940 1824 1141 1865 memoria
1173 1829 1297 1865 teneo
1330 1824 1437 1865 bello
1474 1825 1673 1873 Marsico,

85 1905 212 1945 quum
244 1895 355 1932 esset
375 1906 536 1932 summa
567 1894 785 1931 senectute
806 1894 849 1930 et
870 1889 1034 1944 perdita
1055 1889 1305 1939 valetudine,
1339 1889 1524 1943 quotidie
1552 1889 1674 1929 simul

83 1959 210 2009 atque
245 1955 403 1996 luceret
433 1956 568 1996 facere
602 1954 794 1995 omnibus
827 1954 1097 1995 conveniendi
1130 1958 1388 2008 potestatem
1415 1953 1504 2001 sui;
1540 1968 1674 2008 neque

85 2033 178 2060 eum
209 2018 427 2073 quisquam
459 2019 526 2059 illo
559 2019 666 2059 bello
694 2019 796 2059 vidit
817 2018 858 2058 in
880 2019 1000 2067 lecto,
1034 2032 1244 2072 senexque
1266 2023 1311 2058 et
1338 2018 1484 2058 debilis
1515 2018 1674 2073 primus

84 2083 276 2123 veniebat
304 2083 345 2123 in
375 2082 544 2123 curiam.
608 2082 747 2135 Hujus
780 2081 1025 2122 industriam
1058 2081 1237 2122 maxime
1268 2081 1436 2134 quidem
1457 2082 1602 2122 vellem
1625 2087 1673 2122 ut

84 2148 348 2189 imitarentur
383 2147 410 2187 ii
442 2161 545 2202 quos
585 2148 837 2201 oportebat3
882 2147 1065 2187 secundo
1097 2152 1238 2186 autem
1278 2146 1380 2192 loco,
1418 2161 1469 2186 ne
1500 2146 1672 2186 alterius

83 2212 215 2253 labori
247 2212 490 2253 inviderent.
554 2210 642 2251 XI.
675 2210 859 2260 Etenim,
889 2215 1032 2265 patres
1063 2209 1301 2264 conscripti,
1336 2224 1461 2264 quum
1483 2209 1524 2249 in
1552 2224 1669 2265 spem

127 2334 189 2355 non
204 2327 299 2356 nimis
314 2326 408 2365 irati]
457 2326 487 2356 V
502 2326 522 2355 b
538 2325 617 2355 omit
636 2325 741 2355 ‘nom'
898 2327 955 2360 est,
980 2324 1064 2364 quod
1087 2323 1200 2354 deinde
1222 2324 1255 2353 in
1279 2323 1369 2353 codd.
1386 2323 1462 2353 dett.
1480 2333 1498 2352 a
1521 2332 1577 2353 suo
1600 2322 1669 2352 loco

126 2368 291 2407 seducere]
337 2371 389 2398 ‘to
423 2369 496 2398 take
525 2368 610 2398 asido
641 2368 673 2397 in
700 2368 792 2398 order
821 2370 853 2398 to

86 2411 182 2449 speuk
213 2410 270 2440 to.'
326 2411 356 2441 D
383 2411 438 2441 has
470 2410 716 2441 ‘reduceres—¹
729 2411 760 2440 in
791 2410 853 2439 dis-

84 2454 202 2483 crimen
238 2453 395 2483 venitur:'
434 2454 482 2483 for
520 2453 680 2483 ‘venitur'
728 2454 757 2482 D
797 2453 853 2482 has

85 2495 502 2535 ‘venietur.'—‘alicujus:'
534 2506 553 2525 a
580 2496 701 2525 modest
728 2505 793 2534 way
820 2495 856 2525 of

83 2538 192 2577 saying
214 2538 436 2569 ‘himself.'—‘
450 2539 547 2568 labori
572 2539 649 2576 ejus,
674 2538 727 2577 qui
751 2537 850 2577 ejus:'

82 2591 101 2611 a
117 2581 136 2610 b
152 2591 182 2619 g,
202 2580 296 2610 Halm
311 2593 318 2617 ;
343 2581 400 2611 but
415 2592 433 2611 a
448 2582 503 2611 has
521 2585 527 2597 ¹
541 2579 657 2618 hujus.’

125 2626 182 2653 ant
220 2624 376 2663 cwitare]
413 2624 458 2659 V;
494 2634 557 2653 om.
584 2623 612 2652 D
636 2623 656 2651 i.
704 2622 767 2652 But
797 2622 851 2652 the

82 2665 178 2696 MSS.
199 2665 277 2694 have
300 2666 366 2695 also
384 2666 539 2703 ‘vigilium
557 2665 702 2703 cogitare,
719 2664 849 2695 adesse.’

82 2708 222 2739 Faernus
251 2708 391 2738 remarks
418 2709 487 2738 that
512 2708 538 2737 if
563 2718 609 2737 we
638 2710 747 2746 accept
777 2710 851 2737 ‘aut

81 2748 235 2790 cogitare'
254 2751 333 2780 after
355 2754 407 2780 ‘re
430 2750 575 2790 publica,‘
592 2760 638 2779 wo
666 2753 751 2779 must
773 2750 851 2780 omit

81 2793 135 2823 the
152 2794 219 2824 first
236 2797 242 2810 ⁸
257 2793 414 2831 cogitare)
463 2793 558 2823 Halm
574 2802 644 2831 says
662 2795 681 2808 ¹‘
698 2792 742 2822 Ut
758 2802 851 2831 saepe

80 2836 114 2865 in
138 2836 167 2864 V
194 2836 311 2866 factum
342 2836 529 2871 invenimus,
557 2845 594 2864 ex
626 2835 768 2873 proxime
797 2844 845 2865 se-

81 2879 253 2919 quentibus
283 2878 412 2908 verbum
453 2887 472 2907 a
510 2877 610 2908 scriba
645 2880 847 2919 praeceptum

898 2367 1058 2398 detrusum
1077 2367 1158 2396 est.’'

945 2412 981 2446 Q.
1016 2410 1199 2439 Scaevolam
1229 2408 1400 2448 auqurem]
1458 2408 1568 2438 Cicero
1606 2407 1667 2437 fre-

897 2453 1035 2492 quented
1052 2453 1106 2482 the
1128 2451 1256 2491 augur's
1281 2452 1378 2481 house
1393 2451 1484 2481 when
1508 2451 1547 2480 he
1563 2461 1624 2480 was
1647 2460 1666 2479 a

897 2496 995 2534 youth
1011 2495 1047 2524 of
1067 2495 1120 2524 the
1135 2505 1192 2533 nge
1208 2494 1243 2524 of
1263 2495 1395 2529 sixteen,
1414 2494 1461 2523 for
1477 2494 1531 2523 the
1550 2494 1665 2523 Mursic

897 2538 973 2567 WVar
996 2538 1095 2576 began
1119 2538 1151 2566 in
1177 2546 1239 2567 1³.c.
1258 2539 1299 2567 90
1316 2537 1380 2576 (De
1396 2536 1469 2566 Am.
1494 2547 1520 2566 c.
1543 2538 1553 2566 l
1572 2548 1578 2572 3
1603 2536 1665 2565 und

898 2580 1024 2615 Brutus,
1041 2591 1067 2610 c.
1085 2580 1153 2619 26).
1199 2580 1289 2609 After
1304 2580 1358 2609 the
1373 2579 1499 2618 augur's
1515 2579 1608 2608 death
1626 2578 1665 2607 he

895 2632 956 2652 was
975 2623 1050 2653 with
1080 2623 1134 2652 the
1168 2622 1309 2652 Pontifex
1341 2622 1499 2652 Scaevola.
1548 2621 1584 2650 ln
1609 2621 1663 2650 the

895 2665 1010 2705 society
1037 2665 1072 2694 of
1091 2665 1180 2695 these
1204 2669 1265 2694 two
1292 2675 1364 2694 men
1392 2665 1501 2694 Cicero
1532 2668 1585 2702 got
1610 2663 1664 2692 the

894 2707 964 2737 best
980 2712 1050 2747 part
1066 2708 1101 2737 of
1115 2707 1162 2737 his
1178 2707 1356 2737 education.
1401 2707 1471 2736 The
1486 2716 1584 2743 augur
1601 2715 1662 2734 was

895 2760 937 2789 up
960 2751 1044 2790 early
1070 2750 1131 2780 and
1161 2753 1194 2780 at
1219 2750 1315 2779 work.
1361 2749 1464 2779 There
1490 2758 1541 2777 are
1568 2757 1662 2785 many

895 2803 1039 2833 passages
1055 2793 1156 2822 which
1174 2792 1259 2822 show
1275 2793 1345 2822 that
1368 2792 1421 2821 tho
1435 2791 1503 2820 best
1523 2790 1662 2819 Romans

892 2845 972 2865 were
1002 2846 1044 2875 up
1074 2835 1218 2864 betimes.
1266 2835 1280 2864 I
1305 2834 1456 2865 concludo
1487 2832 1556 2862 that
1585 2831 1660 2871 they

891 2881 975 2908 went
990 2881 1023 2908 to
1039 2877 1100 2908 bed
1116 2878 1212 2918 early.
