1816 3211
77 187 160 227 340
413 186 591 228 ORAT.
626 186 746 227 PRO
780 185 828 226 Τ.
863 183 1060 225 ΑΝΝΙΟ
1094 184 1338 228 MILONE

76 299 275 341 habitura
294 299 435 346 fuerit,
457 301 576 355 cujus
597 299 830 355 periculosa
850 297 978 339 etiam
999 299 1265 356 reprehensio
1287 304 1365 341 est.
1428 301 1487 342 Et
1507 300 1675 356 aspexit

76 379 143 406 me
172 365 251 405 illis
281 364 448 419 quidem
479 365 619 415 oculis,
656 364 807 419 quibus
839 368 927 404 tum
961 365 1124 406 solebat
1156 379 1283 420 quum
1316 366 1506 407 omnibus
1534 366 1673 406 omnia

76 430 327 471 minabatur.
394 430 541 470 Movet
563 444 629 470 me
651 428 803 486 quippe
835 428 976 469 lumen
1002 430 1157 471 curiae.
1221 428 1359 469 XIII.
1393 430 1514 482 Quid,
1538 435 1585 471 tu
1606 445 1672 471 mc

75 495 153 535 tibi
182 495 349 545 iratum,
376 495 519 543 Sexte,
550 499 689 549 putas,
713 494 832 548 cujus
857 498 904 534 tu
937 494 1269 535 inimicissimum
1300 495 1433 535 multo
1466 495 1673 536 crudelius

75 560 203 601 etiam
224 559 396 614 punitus
418 574 463 599 es
493 573 618 613 quam
640 564 732 600 erat
761 559 1038 600 humanitatis
1070 574 1186 600 meae
1219 560 1462 615 postulare?
1523 559 1586 600 Tu
1620 560 1670 600 P.

76 625 211 665 Clodii
244 631 463 665 cruentum
496 624 672 664 cadaver
693 623 857 678 ejecisti
892 625 1028 673 domo,
1050 630 1099 666 tu
1132 625 1172 665 in
1203 624 1417 680 publicum
1447 624 1667 678 abjecisti;

74 694 120 730 tu
142 689 369 744 spoliatum
391 688 652 744 imaginibus,
676 689 897 744 exsequiis,
921 704 1086 745 pompa,
1110 689 1363 739 laudatione,
1382 689 1673 730 infelicissimis

74 754 198 810 lignis
212 754 563 803 semiustulatum,
576 754 770 795 nocturni
786 755 981 795 scanibus
995 755 1275 795 dilaniandum
1289 754 1508 810 reliquisti.
1533 754 1672 806 Quare

74 819 154 861 etsi
189 820 346 860 nefarie
379 819 539 869 fecisti,
566 824 720 869 tamen,
755 820 950 874 quoniam
986 820 1028 860 in
1056 836 1149 862 meo
1182 821 1347 861 inimico
1381 821 1672 863 crudelitatem

72 884 373 940 exprompsisti
395 889 526 933 tuam,
550 884 721 925 laudare
743 900 826 925 non
847 899 1029 940 possum,
1054 886 1178 927 irasci
1199 891 1314 928 certe
1334 901 1418 927 non
1439 887 1584 928 debeo.

133 952 157 976 ἦε
182 952 205 976 *⁴
227 951 356 992 fuerit
385 950 520 991 occidi
549 950 781 997 Milonem3
817 951 1050 992 convertite
1077 952 1240 992 animos
1271 967 1381 992 1111116
1408 951 1588 992 vicissim
1618 952 1672 992 ad

76 1016 293 1056 Milonem.
352 1016 460 1068 Quid
481 1015 653 1055 Milonis
668 1015 873 1056 intererat
886 1015 1066 1056 interfici
1082 1016 1302 1057 Clodium?
1363 1016 1473 1068 Quid
1491 1022 1581 1057 erat
1598 1031 1672 1057 cur

76 1081 196 1131 Milo,
228 1096 310 1122 non
343 1081 477 1121 dicam
498 1080 757 1131 admitteret,
781 1081 854 1121 sed
876 1085 1046 1136 optaret
1062 1081 1345 1122 3—Obstabat
1366 1081 1407 1121 in
1429 1096 1502 1136 spe
1523 1096 1669 1122 consu<

70 1146 183 1187 latus
203 1146 353 1186 Miloni
368 1145 676 1187 Clodius—At
699 1160 748 1186 eo
771 1152 1034 1200 repugnante
1051 1146 1191 1195 fiebat,
1210 1146 1335 1185 immo
1357 1161 1454 1186 vero
1477 1161 1525 1187 eo
1542 1147 1670 1187 fiebat

71 1211 218 1266 magis,
242 1226 318 1252 nec
339 1226 406 1251 me
434 1210 712 1264 suffragatore
744 1210 912 1251 meliore
941 1211 1141 1251 utebatur
1173 1225 1297 1265 quam
1321 1209 1479 1251 Clodio.
1543 1211 1672 1252 Vale-

70 1276 145 1316 bat
165 1277 277 1331 apud
299 1290 383 1324 vos,
403 1276 578 1330 judices,
604 1275 777 1315 Milonis
798 1289 898 1330 erga
914 1289 980 1315 me
1001 1289 1172 1329 remque
1194 1275 1404 1330 publicam
1426 1275 1672 1317 meritorum

70 1341 283 1391 memoria,
308 1340 503 1381 valebant
524 1355 672 1395 preces
694 1345 737 1381 et
767 1340 961 1381 lacrimae
983 1345 1166 1390 nostrae,
1190 1341 1339 1396 quibus
1370 1356 1447 1397 ego
1473 1347 1563 1383 tum
1596 1357 1670 1383 vos

69 1405 241 1446 mirifice
262 1405 418 1446 moveri
449 1405 694 1455 sentiebam,
718 1406 791 1446 sed
823 1406 915 1461 plus
935 1406 1069 1446 multo
1090 1406 1257 1447 valebat
1286 1406 1563 1461 periculorum
1596 1407 1816 1475 imm-asp

69 1471 340 1525 pendentium
376 1470 516 1511 timor.
580 1470 682 1523 Quis
719 1470 828 1511 enim
862 1476 954 1512 erat
987 1471 1150 1521 civium,
1185 1471 1254 1526 qui
1286 1471 1365 1512 sibi
1401 1472 1583 1513 solutam
1617 1472 1668 1514 P.

70 1535 203 1577 Clodii
232 1540 471 1591 praeturam
503 1535 593 1576 sine
622 1535 805 1576 maximo
837 1551 976 1577 rerum
1009 1551 1211 1577 novarum
1246 1541 1360 1577 metu
1386 1525 1670 1593 proponeret?

71 1601 261 1642 Solutam
283 1606 425 1642 autem
446 1601 536 1641 fore
557 1599 776 1651 videbatis,
801 1600 880 1641 nisi
906 1606 1019 1642 esset
1047 1601 1082 1642 is
1104 1602 1249 1642 consul
1280 1601 1350 1656 qui
1381 1617 1473 1642 eam
1494 1603 1669 1644 auderet

67 1672 293 1722 possetque
316 1666 616 1720 constringere.
680 1665 792 1706 Eum
827 1665 1030 1707 Milonem
1061 1681 1188 1706 unum
1220 1681 1310 1707 esse
1339 1682 1466 1722 quum
1491 1667 1669 1709 sentiret

70 1731 285 1773 universus
316 1731 493 1787 populus
519 1731 748 1779 Romanus,
772 1731 865 1785 quis
893 1731 1109 1772 dubitaret
1138 1731 1336 1786 suffragio
1368 1747 1444 1772 suo
1472 1747 1516 1772 se
1537 1737 1663 1782 metu,

68 1796 253 1850 periculo
293 1811 382 1837 rem
422 1795 631 1851 publicam
671 1795 877 1835 liberare?
939 1796 1001 1836 At
1037 1810 1158 1844 nunc,
1203 1796 1347 1836 Clodio
1376 1802 1551 1846 remoto,
1584 1797 1667 1838 usi-

69 1861 173 1902 tatis
200 1862 289 1915 jam
310 1862 435 1901 rebus
455 1860 699 1901 enitendum
721 1865 786 1901 est
810 1859 960 1900 Miloni
983 1864 1029 1901 ut
1051 1864 1223 1900 tueatur
1244 1860 1495 1916 dignitatem
1517 1877 1635 1903 suam
1653 1880 1663 1910 ;

69 1925 292 1981 singularis
313 1925 382 1966 illa
407 1924 490 1980 [et]
511 1925 606 1965 huic
628 1924 698 1964 uni
720 1938 919 1965 concessa
940 1924 1084 1980 gloria,
1104 1939 1208 1979 quae
1226 1925 1412 1980 quotidie
1433 1929 1667 1982 augebatur

69 1991 312 2047 frangendis
351 1991 560 2031 furoribus
601 1989 826 2038 Clodianis,
864 1991 953 2044 jam
995 1989 1130 2031 Clodii
1171 1996 1305 2032 morte
1346 1991 1512 2032 cecidit.
1575 1991 1667 2034 Vos

117 2113 222 2142 lumen
239 2111 364 2151 curiae]
414 2111 518 2140 “Hoc
540 2112 589 2140 est
614 2110 684 2140 Sex.
708 2109 848 2145 Clodius,
894 2109 1002 2140 Cicero
1023 2120 1093 2149 says
1117 2109 1416 2146 ‘semiustulatum‚’
1438 2110 1525 2140 ‘half
1545 2109 1665 2146 burnt‚'

74 2165 169 2194 quem
186 2155 217 2184 in
235 2156 421 2194 argumento
437 2154 532 2192 hujus
548 2153 697 2182 orationis
714 2152 850 2182 diximus
893 2156 927 2183 to
953 2153 1038 2183 leave
1064 2163 1153 2183 room
1181 2153 1228 2183 for
1254 2153 1308 2183 the
1330 2153 1497 2183 rhetorical
1519 2152 1664 2190 formula,

73 2207 187 2237 corpus
218 2198 319 2228 Clodii
350 2198 383 2227 in
414 2197 530 2226 curiam
569 2196 711 2225 attulisse
741 2198 774 2225 et
806 2195 850 2225 ibi
894 2196 1077 2225 ‘nocturnis
1093 2196 1222 2226 canibus
1238 2195 1475 2226 dilaniandum.'

72 2250 237 2276 cremasse,
276 2250 377 2280 eoque
413 2240 541 2269 incenso
579 2239 695 2268 curiam
733 2239 849 2268 confla-

74 2293 198 2321 grasse3
222 2284 292 2313 ideo
308 2283 416 2312 lumen
438 2282 540 2312 curiae
562 2282 667 2311 dixit'’
686 2280 846 2322 (Ascon.).

72 2325 142 2355 The
166 2326 228 2356 last
243 2326 345 2355 words
362 2328 488 2355 ‘movet
510 2325 581 2359 me‚'
605 2327 673 2361 δια,
697 2328 783 2354 must
807 2324 847 2354 be

71 2369 245 2398 connected
275 2369 351 2398 with
381 2368 471 2398 those
501 2367 603 2397 which
632 2367 847 2407 immediately

72 2411 178 2441 follow
193 2412 225 2441 in
242 2411 296 2441 the
311 2415 388 2440 next
404 2411 542 2450 chapter.

118 2456 167 2484 13.
186 2456 323 2493 punitus
353 2453 400 2493 es]
448 2454 525 2483 This
562 2453 721 2493 deponent
758 2453 845 2483 often

71 2506 181 2527 occurs
196 2497 228 2527 in
246 2496 364 2527 Cicero.
411 2496 449 2526 Τ.
467 2497 523 2526 1135
540 2499 547 2513 ⁴
562 2496 710 2536 penitus)
735 2496 844 2526 Cicero

70 2540 232 2570 addresses
248 2540 302 2569 the
318 2550 390 2569 man
406 2539 581 2579 familiarly,
601 2544 607 2556 ‘
621 2539 738 2569 Sexte!

114 2583 321 2622 imayz'm'bus]
369 2583 438 2612 The
452 2583 554 2612 words
579 2582 717 2612 ‘robbed
740 2582 776 2612 of
795 2581 843 2612 his

69 2625 237 2664 imagines’
266 2624 359 2664 being
383 2625 555 2655 connected
577 2625 653 2655 with
678 2625 732 2654 the
756 2635 842 2654 men-

71 2669 138 2698 tion
162 2669 197 2698 of
217 2668 271 2698 the
296 2668 416 2697 funeral
439 2668 640 2702 ceremonies,
658 2678 748 2697 mean
773 2668 842 2697 that

70 2711 125 2741 the
151 2710 337 2750 ‘imagines'
362 2710 397 2739 of
418 2711 467 2740 his
491 2715 649 2740 ancestors
677 2720 756 2740 were
785 2713 843 2740 not

72 2754 191 2784 carried
206 2754 239 2783 in
260 2753 308 2782 his
333 2752 453 2782 funeral
469 2763 575 2792 pomp,
593 2753 694 2782 which
710 2763 773 2783 was
788 2753 843 2782 the

69 2797 258 2827 fashion.—‘
269 2795 487 2826 infelicissimis
499 2795 518 2825 :’
536 2796 666 2825 because
678 2796 753 2835 they
763 2806 843 2825 were

70 2840 196 2879 applied
212 2843 245 2869 to
261 2849 301 2869 an
319 2838 455 2877 unlucky
471 2849 506 2868 or
521 2838 676 2868 wretched
693 2848 840 2877 purpose,

69 2893 104 2912 as
131 2894 149 2913 a
173 2886 239 2913 trec
263 2892 324 2912 was
349 2881 446 2911 called
471 2880 614 2910 ‘infelix'
642 2891 682 2910 on
698 2881 800 2910 which
823 2891 842 2910 3

69 2936 141 2956 man
169 2936 231 2956 was
258 2924 380 2964 hanged
405 2923 498 2964 (Livy
522 2924 541 2953 i.
565 2923 633 2964 26).
667 2922 838 2963 (Abrami.)

937 2239 956 2259 *
968 2239 1101 2278 *suerit
1118 2239 1237 2278 occidi]
1266 2239 1372 2269 Baiter
1382 2240 1517 2279 prefixes
1529 2241 1562 2268 to
1574 2238 1665 2268 these

891 2282 993 2311 words
1019 2283 1197 2318 ‘Audis-tis,
1214 2283 1354 2321 judiees,
1380 2285 1534 2321 quantum
1561 2282 1665 2312 Clodii

891 2324 1095 2355 interfuerit!
1143 2325 1194 2355 He
1219 2325 1365 2355 observes
1389 2325 1458 2354 that
1484 2325 1539 2354 the
1561 2325 1664 2354 words

892 2368 1052 2398 ‘Audistis
1077 2391 1084 2398 .
1110 2390 1118 2398 .
1144 2390 1151 2397 .
1176 2368 1230 2407 qui
1246 2368 1305 2397 sibi
1321 2367 1471 2398 solutam’
1493 2377 1545 2397 are
1565 2371 1663 2397 want-

888 2411 944 2450 ing
958 2412 991 2441 in
1008 2411 1063 2441 the
1078 2411 1175 2441 MSS.
1192 2411 1227 2440 of
1241 2411 1360 2441 Cicero.
1406 2410 1446 2440 In
1458 2410 1513 2440 the
1529 2410 1664 2440 editions

890 2454 944 2484 the
967 2457 1035 2484 text
1061 2465 1138 2484 runs
1164 2454 1256 2484 thus:
1281 2453 1391 2483 ‘irasci
1415 2457 1498 2483 certe
1520 2463 1584 2483 non
1609 2453 1662 2483 de-

888 2497 958 2528 beo.
1003 2498 1038 2527 P.
1050 2497 1152 2527 Clodii
1168 2500 1345 2536 praeturam
1362 2506 1426 2526 non
1442 2497 1510 2526 sine
1525 2496 1663 2526 maximo

887 2550 991 2570 rerum
1016 2550 1167 2570 novarum
1193 2543 1281 2569 metu
1304 2539 1447 2579 proponi,
1471 2542 1503 2569 et
1526 2539 1662 2569 solutam

887 2583 954 2613 fore
970 2582 1145 2613 videbatis.’
1192 2583 1300 2612 Baiter
1324 2592 1405 2621 says,
1427 2585 1446 2598 ‘⁶
1460 2582 1548 2612 Inter
1567 2581 1663 2611 verba

888 2626 983 2656 debeo
1013 2631 1045 2655 et
1075 2627 1116 2656 P.
1151 2626 1254 2655 Clodii
1283 2625 1315 2655 in
1347 2626 1385 2655 E.
1417 2624 1661 2664 superscriptum

886 2671 952 2698 estz
978 2669 1074 2699 deest.
1120 2668 1281 2698 Lacunam
1305 2668 1440 2708 explevit
1464 2668 1622 2707 Pcyronus
1644 2677 1661 2696 e

887 2711 993 2742 codice
1026 2711 1073 2747 Ρ.,
1104 2711 1157 2751 qui
1184 2711 1280 2741 habet
1304 2711 1398 2741 verba
1420 2711 1531 2749 suerit
1558 2710 1661 2739 occidi

889 2777 896 2784 .
923 2776 930 2784 .
956 2776 963 2783 .
979 2756 1052 2793 jam
1068 2755 1159 2783 illum
1176 2753 1250 2783 na'’
1270 2753 1309 2793 (c.
1331 2753 1396 2793 14).

932 2796 1095 2835 Solutum]
1121 2796 1199 2826 This
1214 2797 1241 2826 is
1257 2796 1423 2836 explained
1433 2795 1493 2834 by‘
1504 2794 1658 2824 constrin-

886 2839 976 2878 gere'
1002 2840 1103 2869 which
1132 2839 1264 2869 follows.
1310 2839 1378 2869 The
1408 2837 1555 2867 ‘consul’
1581 2847 1615 2867 as
1641 2848 1660 2868 a

885 2882 1028 2922 superior
1043 2882 1225 2922 magistrate
1240 2882 1332 2912 could
1348 2880 1445 2911 check
1460 2890 1479 2910 a
1493 2884 1628 2920 praetor.
