1816 3211
710 170 842 214 CAP.
875 172 1058 214 15—17.
1606 175 1686 216 345

1342 213 1702 264 2„thst

89 286 215 338 caput
235 287 302 324 est
320 283 574 339 [audaciae],
594 285 772 340 judices,
790 286 884 341 quis
903 285 1073 340 ignorat
1093 283 1320 326 maximam
1340 284 1579 336 illecebram
1597 300 1688 327 esse

89 349 290 402 peccandi
311 349 572 404 impunitatis
601 352 745 406 spem?
807 351 856 391 In
873 355 969 392 utro
992 351 1123 406 igitur
1144 351 1247 391 haec
1269 350 1376 391 fuit?
1439 351 1489 390 In
1513 350 1686 399 Milone,

88 414 158 468 qui
179 414 306 455 etiam
326 430 436 456 nunc
456 431 553 457 reus
574 421 640 457 est
667 416 768 457 facti
796 421 872 457 aut
896 415 1099 470 praeclari
1129 420 1203 457 aut
1225 421 1340 456 certe
1366 415 1602 462 necessarii,
1635 431 1687 456 an

88 477 130 517 in
165 478 322 529 Clodio,
346 481 415 535 qui
448 482 508 523 ita
538 481 698 536 judicia
732 495 995 536 poenamque
1024 486 1348 536 contempserat,
1373 486 1421 521 ut
1454 496 1550 521 eum
1586 480 1689 521 nihil

88 543 328 594 delectaret,
352 547 461 600 quod
482 553 557 588 aut
577 562 651 601 per
671 552 865 588 naturam
887 547 951 587 fas
971 551 1084 587 esset
1106 552 1181 587 aut
1201 561 1276 601 per
1297 547 1411 601 leges
1432 545 1580 587 liceret
1599 548 1612 586 ἕ

147 609 229 649 Sed
257 609 355 666 quid
384 625 462 666 ego
493 612 795 666 argumentor?
825 611 924 666 quid
957 611 1076 666 plura
1109 608 1309 666 disp‘fito?
1370 611 1445 660 Te,
1470 611 1520 662 Q
1546 610 1686 659 Petili,

86 675 261 729 appello,
286 676 490 730 optimum
514 681 558 716 et
579 675 852 716 fortissimum
874 676 1032 724 civem;
1067 681 1123 725 te,
1154 677 1217 718 M.
1242 676 1363 726 Cato,
1386 682 1548 722 test0r;
1584 690 1690 731 quos

86 739 187 780 mihi
209 740 346 781 divina
366 741 571 795 quaedam
601 755 694 781 sors
725 741 842 781 dedit
864 741 1044 796 judices.
1108 741 1200 782 Vos
1228 756 1281 782 ex
1314 742 1377 783 M.
1402 742 1588 782 Favonio
1616 757 1688 782 au-

87 804 208 845 distis
229 805 420 846 Clodium
442 805 520 847 sibi
542 805 710 855 dixisse,
735 811 778 847 et
798 806 977 847 audistis
1001 806 1096 847 vivo
1120 805 1266 847 Clodio
1297 807 1529 861 periturum
1564 807 1688 847 Milo-

86 884 182 910 nem
203 869 356 912 triduo.
420 870 528 912 Post
549 871 658 912 diem
675 870 848 912 tertium
865 875 987 926 gesta
1005 886 1071 911 res
1088 876 1154 912 est
1171 886 1294 926 quam
1312 872 1489 913 dixerat.
1550 872 1688 923 Quum

86 935 153 975 ille
174 949 257 976 non
277 935 488 976 dubitaret
509 935 672 991 aperire
701 936 800 991 quid
822 936 1043 991 cogitaret,
1068 950 1142 977 vos
1171 936 1355 991 potestis
1377 937 1569 978 dubitare
1591 936 1689 991 quid

85 1000 267 1041 fecerit?
342 1000 503 1041 XVII.
550 1001 912 1053 Quemadmodum
952 1001 1081 1056 igitur
1122 1016 1216 1041 eum
1259 1001 1348 1042 dies
1388 1016 1471 1042 non
1511 1002 1688 1043 fefellit?

87 1064 189 1105 Dixi
222 1065 412 1120 equidem
447 1066 586 1107 modo.
656 1066 893 1107 Dictatoris
933 1066 1138 1106 Lanuvini
1172 1070 1287 1108 stata
1323 1066 1530 1107 sacrificia
1565 1081 1688 1106 nosse

115 1131 243 1189 egqtii
265 1130 366 1171 nihil
387 1135 491 1172 erat.
554 1131 678 1172 Vidit
706 1146 876 1172 necesse
903 1146 996 1172 9559
1032 1131 1182 1172 Miloni
1216 1131 1424 1186 proficisci
1454 1131 1688 1172 Lanuvium

85 1195 155 1236 illo
185 1196 276 1250 ipso
306 1210 388 1251 quo
416 1200 481 1236 est
513 1195 726 1250 profectus
755 1196 833 1237 die.
899 1196 1049 1251 Itaque
1082 1196 1324 1238 antevertit.
1388 1196 1451 1237 At
1476 1211 1557 1251 quo
1592 1197 1688 1237 die?

87 1275 182 1316 quo,
205 1266 254 1301 ut
280 1265 381 1301 ante
403 1260 501 1310 dixi,
524 1260 605 1301 suit
636 1260 901 1301 insanissima
925 1261 1067 1302 contio
1096 1262 1148 1301 ab
1180 1260 1311 1315 ipsius
1332 1261 1592 1301 mercenario
1614 1261 1688 1301 tri-

87 1326 199 1367 buno
234 1326 367 1381 plebis
409 1325 653 1372 concitata;
698 1341 822 1380 quem
855 1326 964 1367 diem
1005 1326 1086 1375 ille,
1131 1340 1254 1381 quam
1290 1326 1540 1376 contionem,
1583 1340 1687 1381 quos

88 1391 303 1440 clamores,
337 1390 417 1431 nisi
448 1391 503 1431 ad
537 1391 771 1445 cogitatum
803 1391 965 1431 facinus
992 1396 1306 1446 approperaret,
1337 1405 1561 1446 numquam
1594 1391 1686 1431 reli-

87 1457 260 1512 quisset.
323 1456 439 1510 Ergo
474 1455 532 1496 illi
567 1471 619 1496 ne
656 1470 805 1496 caussa
840 1456 1007 1510 quidem
1040 1456 1215 1504 itineris,
1251 1455 1378 1497 etiam
1414 1471 1561 1497 caussa
1601 1471 1687 1496 ma-

87 1521 236 1563 nendi:
275 1521 424 1562 Miloni
455 1521 649 1562 manendi
678 1521 790 1561 nulla
823 1521 1014 1571 facultas,
1045 1521 1225 1562 exeundi
1255 1536 1337 1561 non
1372 1536 1518 1562 caussa
1553 1521 1687 1562 solum

86 1587 160 1628 sed
192 1587 320 1627 etiam
360 1586 590 1627 necessitas
628 1585 722 1626 fuit.
784 1585 904 1637 Quid,
941 1585 989 1634 si,
1022 1591 1069 1626 ut
1097 1586 1164 1626 ille
1199 1586 1321 1626 scivit
1361 1587 1562 1627 Milonem
1598 1588 1687 1627 fore

88 1667 137 1694 eo
179 1652 244 1692 die
285 1651 326 1692 in
367 1651 445 1700 via,
477 1650 538 1692 510
575 1651 765 1692 Clodium
816 1650 921 1690 Milo
962 1665 1013 1691 ne
1057 1650 1261 1705 suspicari
1310 1652 1476 1705 quidem
1517 1652 1686 1707 potuit}

90 1717 281 1758 Primum
322 1731 476 1771 quaero
518 1715 588 1771 qui
630 1715 737 1757 scire
776 1715 994 1770 potuerit?
1037 1716 1149 1770 quod
1189 1730 1262 1756 vos
1304 1716 1414 1756 idem
1455 1716 1498 1757 in
1541 1716 1687 1757 Clodio

88 1797 288 1838 quaerere
329 1797 412 1823 non
447 1781 641 1837 potestis.
717 1780 784 1822 Ut
823 1780 934 1822 enim
974 1781 1183 1821 neminem
1224 1781 1350 1821 alium
1396 1782 1475 1822 11151
1519 1781 1567 1822 Τ.
1608 1782 1686 1822 Pa-

86 1835 218 1889 tiiiam
258 1847 624 1888 familiarissimum
667 1860 787 1887 suum
828 1851 1033 1900 rogasset,
1075 1846 1183 1887 scire
1217 1846 1356 1901 potuit
1398 1846 1465 1887 illo
1499 1847 1587 1902 ipso
1623 1847 1687 1887 die

90 1912 265 1954 Lanuvii
286 1927 310 1952 a
327 1912 535 1954 dictatore
555 1911 715 1952 Milone
737 1911 857 1966 prodi
878 1911 1089 1952 flaminem
1109 1926 1279 1952 necesse
1297 1926 1400 1952 esse.
1466 1912 1549 1953 Sed
1567 1918 1689 1953 erant

87 1977 283 2033 permulti
314 1977 382 2018 alii
418 1992 470 2018 ex
504 1977 655 2033 quibus
691 1976 732 2017 id
767 1976 960 2018 facillime
993 1976 1101 2018 scire
1133 1982 1290 2032 posset,
1330 1976 1494 2032 [omnes
1528 1978 1689 2019 scilicet

910 2099 1004 2129 while
1020 2099 1150 2130 Clodius
1166 2109 1228 2129 was
1252 2100 1314 2130 still
1341 2099 1430 2134 alive,
1448 2099 1510 2129 and
1532 2103 1588 2129 not
1604 2100 1689 2129 since

911 2143 960 2173 his
987 2143 1092 2172 death.
1140 2143 1171 2173 It
1197 2153 1259 2172 was
1286 2146 1343 2173 not
1369 2153 1388 2173 a
1418 2143 1509 2182 thing
1539 2143 1688 2173 invented

135 2100 200 2130 Sed
216 2099 294 2139 quid
309 2099 379 2138 eqo]
431 2099 516 2129 Here
539 2098 649 2138 begins
671 2099 727 2129 the
745 2099 865 2129 exami—

88 2143 198 2173 nation
223 2143 259 2172 of
280 2143 333 2172 the
361 2141 480 2181 ‘signa'
506 2142 568 2171 and
595 2142 813 2181 ‘argumenta'
834 2143 867 2172 in

88 2186 172 2215 their
196 2194 353 2215 narrower
377 2194 467 2214 sense
484 2183 634 2225 (Halm):
661 2185 732 2214 who
756 2189 867 2225 quotes

89 2229 145 2258 the
171 2228 294 2258 Auctor
320 2228 358 2257 ad
384 2227 579 2257 Herennium
604 2227 650 2267 (ii.
673 2237 699 2256 c.
725 2227 771 2267 4),
794 2228 864 2257 who

90 2271 210 2301 defines
237 2271 293 2300 the
319 2269 479 2309 ‘signum’
507 2270 600 2299 thus:
628 2270 784 2308 “signum
817 2274 866 2300 est

90 2324 147 2353 per
168 2314 252 2354 quod
275 2314 452 2343 ostenditur
476 2312 590 2343 idonea
612 2313 792 2352 perficiendi
820 2313 864 2343 fa-

91 2357 189 2387 cultas
205 2366 273 2386 esse
290 2355 465 2395 quaesita.'’
514 2355 565 2385 lle
577 2355 696 2385 divides
713 2356 767 2385 the
781 2358 787 2371 ⁴
801 2356 863 2395 sig-

91 2399 179 2429 num’
197 2400 264 2429 into
285 2400 332 2428 six
358 2403 462 2437 parts:
489 2401 508 2415 ‘⁴
523 2399 619 2435 locus,
637 2403 773 2438 tempus,
792 2409 863 2438 spa-

90 2443 182 2477 tium,
194 2443 324 2477 occ-asin,
336 2452 407 2481 spes
423 2442 612 2480 perficiendi,
624 2451 694 2480 spes
708 2442 862 2472 celandi.”

92 2485 151 2515 Sec
166 2485 232 2515 also
250 2485 308 2514 Pro
323 2485 438 2520 Caelio,
456 2495 482 2514 c.
500 2487 530 2520 9,
548 2494 588 2513 011
606 2485 713 2523 Signa.

133 2529 202 2558 vivo
223 2527 347 2567 Clodio]
400 2527 495 2557 Halm
507 2527 578 2557 asks
591 2527 659 2567 why
675 2527 784 2557 Cicero
799 2527 865 2567 lays

91 2581 151 2610 any
169 2574 263 2600 511955
280 2581 321 2600 011
338 2570 423 2599 this?
472 2570 565 2599 llulni
583 2570 668 2600 often
682 2570 754 2600 nsks
771 2581 863 2610 ques-

90 2614 173 2644 tions
194 2613 326 2643 without
348 2613 522 2651 answe1·ing
544 2613 642 2642 them.
690 2613 703 2642 1
729 2623 865 2653 suppose

91 2657 122 2698 it,
140 2657 165 2686 is
190 2667 208 2686 a
225 2666 290 2695 way
307 2656 342 2684 of
362 2656 471 2695 saying
496 2656 565 2685 that
589 2655 677 2686 there
698 2656 723 2685 is
745 2666 764 2685 a
784 2657 864 2686 diffi-

91 2700 188 2739 culty,
206 2710 241 2729 or
256 2709 274 2729 a
290 2709 355 2738 way
373 2700 408 2728 ol'
420 2698 572 2736 (111-99111ιὲ
587 2699 742 2728 attention
760 2703 792 2728 to
809 2699 865 2729 the

90 2743 229 2783 peculim·
246 2742 392 2780 meaning
407 2741 442 2770 of
454 2751 472 2770 a
484 2740 566 2770 word
580 2752 588 2776 ;
615 2741 628 2770 1
646 2741 685 2770 do
702 2745 757 2770 not
773 2741 864 2771 know

92 2786 203 2815 which.
254 2785 337 2814 llere
353 2785 442 2814 there
458 2785 483 2813 is
499 2793 539 2812 no
555 2783 715 2823 difficulty.
755 2784 864 2815 Cicero

91 2829 219 2869 appeals
244 2832 276 2858 to
293 2831 354 2857 two
379 2827 414 2856 of
435 2827 490 2856 the
505 2826 523 2856 J
529 2826 634 2856 udices
655 2830 687 2856 to
709 2826 783 2856 bear
798 2828 866 2857 wit-

91 2881 164 2902 ness
176 2871 245 2901 that
257 2871 330 2910 they
345 2871 403 2900 had
416 2869 510 2899 heard
525 2870 603 2899 from
616 2869 772 2900 Favonius
783 2870 867 2900 what

92 2913 220 2944 Clodius
241 2913 306 2944 said
327 2913 425 2944 about
441 2913 532 2949 Milo,
549 2911 610 2942 and
634 2912 708 2952 they
724 2911 820 2942 heard
842 2913 868 2943 it

912 2186 998 2215 since
1014 2185 1154 2216 Clodius'
1170 2186 1275 2216 death.

958 2230 1005 2264 17.
1029 2230 1075 2259 At
1097 2238 1157 2268 quo
1182 2229 1279 2268 dies]
1328 2229 1398 2259 The
1415 2229 1474 2268 day
1498 2228 1533 2258 of
1546 2227 1687 2258 Clodius’

909 2271 1015 2301 death.
1062 2274 1080 2288 ‘⁶
1094 2273 1175 2301 Sunt
1190 2276 1295 2301 autem
1316 2272 1487 2302 contionati
1511 2282 1548 2301 eo
1574 2271 1634 2307 die,
1653 2276 1689 2301 nt

910 2324 948 2344 ex
970 2314 1048 2344 actis
1071 2319 1213 2354 apparet,
1240 2315 1276 2345 C.
1295 2316 1462 2345 Sallustius
1486 2320 1517 2344 et
1533 2315 1573 2347 Q.
1594 2315 1686 2344 Poni-

907 2357 1008 2396 1191115,
1035 2358 1159 2397 utrique
1186 2363 1217 2388 et
1243 2358 1361 2387 inimici
1391 2358 1522 2387 Milonis
1549 2362 1580 2387 et
1611 2359 1688 2387 satis

908 2400 1058 2439 inquieti:
1093 2400 1155 2430 Sed
1180 2401 1304 2431 videtur
1328 2401 1405 2430 mihi
1434 2402 1473 2433 Q.
1502 2401 1687 2440 Pompeium

910 2443 1102 2481 significare3
1128 2453 1201 2474 nam
1229 2445 1296 2483 ejus
1324 2444 1501 2474 seditiosior
1528 2444 1587 2474 suit
1613 2454 1685 2473 eon-

909 2485 982 2515 tio'’
1000 2486 1159 2526 (Ascon.).

943 2529 1018 2567 snit
1036 2529 1254 2569 insanissima]
1303 2530 1407 2559 There
1419 2540 1481 2559 was
1497 2540 1515 2559 a
1531 2540 1603 2568 very
1621 2535 1687 2559 tur-

909 2571 1020 2601 bulent
1042 2573 1191 2611 meeting.
1238 2572 1369 2602 Abrami
1394 2573 1532 2602 reminds
1556 2583 1592 2601 115
1619 2573 1687 2601 thnt

910 2615 964 2644 the
982 2615 1122 2644 ‘furores
1144 2615 1316 2645 tribunitii*
1335 2615 1396 2645 and
1420 2615 1474 2645 the
1499 2620 1505 2631 ‘
1520 2616 1686 2654 populures

910 2657 1064 2687 insanine'
1082 2668 1135 2688 ure
1156 2659 1240 2687 often
1267 2659 1386 2698 spoken
1409 2658 1444 2688 of
1466 2658 1505 2697 by
1523 2659 1576 2687 111(-
1597 2658 1685 2686 Latin

909 2701 1046 2737 writers3
1071 2701 1132 2730 and
1149 2701 1218 2731 that
1234 2701 1344 2741 virgil,
1363 2703 1477 2739 Georg.
1491 2702 1521 2730 ii.
1540 2703 1612 2733 5⁰2.
1631 2700 1685 2728 hus

954 2771 973 2785 “
987 2767 1203 2807 Insanumque
1219 2768 1321 2798 forum
1337 2772 1393 2798 aut
1410 2768 1516 2807 populi
1534 2766 1685 2795 tabularia

1040 2810 1152 2840 vidit.'’

953 2870 1037 2899 scire
1062 2869 1185 2909 posset]
1233 2870 1303 2899 The
1333 2869 1433 2898 words
1465 2872 1472 2884 ‘
1486 2876 1594 2896 omnes
1625 2865 1683 2894 sci-

911 2912 984 2943 licet
1007 2912 1178 2942 Lanuvini’
1203 2922 1256 2942 ure
1272 2912 1303 2941 in
1320 2911 1357 2941 T.
1376 2911 1412 2940 E.
1431 2912 1462 2939 S.
1511 2907 1683 2937 Lambinus
