1899 3227
195 181 276 220 120
508 177 686 219 ORAT.
720 177 839 219 PRO
874 178 922 219 L.
956 177 1266 220 CORNELIO
1299 178 1500 218 BALBO

191 292 376 346 gravitas
397 290 439 330 in
460 290 646 341 dicendo,
665 290 839 344 judices,
864 305 968 345 quae
989 290 1180 338 facultas,
1204 304 1310 344 quae
1333 289 1469 343 copia,
1492 304 1574 329 non
1596 289 1790 344 opinione

192 355 324 396 tacita
358 360 592 396 vestrorum
627 355 872 403 animorum,
909 355 981 394 sed
1018 354 1237 408 perspicua
1277 353 1552 394 admiratione
1587 354 1789 395 declarari

191 419 422 460 videbatur.
484 420 596 459 Nihil
639 419 748 459 enim
788 433 983 472 umquam
1023 418 1160 457 audivi
1198 418 1309 471 quod
1348 417 1447 456 mihi
1483 417 1533 457 de
1565 418 1658 471 jure
1693 418 1790 457 sub-

192 484 306 524 tilius
350 484 430 524 dici
482 484 702 531 videretur,
750 482 850 521 nihil
893 481 982 535 [de]
1026 481 1227 522 memoria
1271 482 1429 535 majore
1474 482 1524 521 de
1573 482 1788 536 exemplis,

193 548 294 588 nihil
321 548 496 602 peritius
528 548 579 586 de
611 546 860 594 foederibus,
899 546 1001 585 nihil
1031 545 1257 585 illustriore
1291 545 1544 586 auctoritate
1577 547 1628 586 de
1659 546 1787 596 bellis,

194 612 294 652 nihil
316 613 367 651 de
389 626 432 651 re
453 610 618 665 publica
638 610 818 665 gravius,
840 609 940 649 nihil
967 610 1017 650 de
1049 609 1138 663 ipso
1169 609 1413 658 modestius,
1437 609 1538 649 nihil
1563 610 1614 650 de
1642 624 1792 651 caussa

194 681 236 716 et
264 675 434 715 crimine
466 674 680 722 ornatius;
715 679 763 714 ut
795 673 895 713 mihi
918 674 1007 728 jam
1035 688 1178 714 verum
1203 673 1396 714 videatur
1422 672 1523 713 illud
1551 688 1656 723 esse,
1681 674 1792 728 quod

192 739 377 780 nonnulli
398 738 551 779 litteris
571 753 620 778 39
638 738 789 778 studiis
811 739 1027 779 doctrinae
1046 737 1175 778 dediti
1197 738 1315 792 quasi
1338 737 1534 792 quiddam
1551 737 1792 778 incredibile

193 804 330 844 dicere
352 803 622 857 putabantur,
646 802 683 842 ei
708 802 776 857 qui
807 817 952 843 omnes
973 802 1110 842 animo
1132 801 1311 842 virtutes
1332 802 1501 856 penitus
1523 802 1805 856 comprehen÷

194 867 326 908 disset
342 867 479 907 onmia
500 881 605 921 quae
627 866 784 915 faceret
804 872 1003 907 tractare.
1065 866 1181 918 Quae
1203 866 1312 906 enim
1333 866 1373 905 in
1399 866 1446 906 L.
1464 865 1616 906 Crasso
1637 865 1789 920 potuit,

193 931 357 972 homine
390 936 491 971 nato
523 931 576 970 ad
609 931 771 971 dicendi
804 931 1055 985 singularem
1092 930 1301 984 quandam
1331 930 1587 979 facultatem,
1620 931 1654 970 si
1685 930 1792 970 hanc

194 1010 385 1036 caussam
406 998 563 1049 ageret,
588 995 721 1048 major
742 1009 832 1035 esse
853 996 1037 1044 ubertas,
1062 994 1255 1043 varietas,
1281 995 1399 1048 copia
1419 1009 1545 1048 quam
1565 994 1645 1035 fuit
1666 985 1708 1034 in
1729 1009 1790 1043 eo,

192 1060 262 1114 qui
293 1064 459 1100 tantum
489 1059 625 1113 potuit
655 1059 867 1114 impertire
899 1059 993 1099 huic
1024 1058 1164 1099 studio
1195 1059 1407 1112 temporis,
1433 1063 1635 1114 quantum
1660 1059 1747 1113 ipse
1768 1073 1794 1098 a

192 1123 372 1178 pueritia
397 1137 528 1177 usque
560 1123 614 1162 ad
643 1123 750 1163 hanc
782 1128 964 1164 aetatem
994 1137 1019 1163 a
1051 1122 1261 1163 continuis
1282 1122 1400 1163 bellis
1421 1128 1465 1163 et
1486 1123 1669 1163 victoriis
1696 1137 1792 1163 con-

193 1188 376 1242 quievit?
448 1187 540 1238 Quo
580 1187 680 1227 mihi
717 1187 923 1228 difficilior
956 1192 1022 1227 est
1058 1187 1124 1227 1119
1158 1191 1371 1227 extremus
1406 1187 1629 1241 perorandi
1664 1187 1792 1227 locus.

195 1252 364 1293 Etenim
386 1252 422 1291 ei
444 1252 621 1291 succedo
645 1251 823 1291 orationi
855 1266 961 1305 quae
982 1266 1064 1291 non
1085 1255 1377 1305 praetervecta
1397 1251 1452 1291 sit
1473 1265 1595 1291 aures
1616 1256 1790 1301 vestras,

193 1316 265 1356 sed
286 1316 327 1355 in
358 1315 506 1355 animis
538 1315 721 1355 omnium
753 1315 920 1369 penitus
952 1315 1167 1362 insederit,
1191 1319 1239 1355 ut
1272 1314 1363 1369 plus
1393 1315 1621 1369 voluptatis
1652 1330 1704 1355 ex
1732 1330 1794 1355 re-

193 1379 434 1420 cordatione
456 1379 563 1420 illius
585 1379 786 1420 orationis
807 1394 932 1433 quam
950 1393 1031 1418 non
1050 1378 1172 1418 modo
1189 1393 1240 1418 ex
1257 1393 1362 1427 mea,
1378 1379 1451 1419 sed
1474 1393 1523 1419 ex
1547 1379 1794 1434 cujusquam

192 1444 380 1485 oratione
416 1457 564 1498 capere
596 1443 781 1497 possitis.
855 1443 916 1483 II.
963 1442 1046 1483 Sed
1081 1457 1171 1482 mos
1207 1447 1272 1483 est
1306 1443 1517 1498 gerendus
1552 1458 1633 1483 11011
1668 1444 1793 1485 1110ᾶο

194 1508 398 1558 Cornelio,
427 1508 546 1562 cujus
582 1522 661 1562 ego
690 1507 894 1548 voluntati
928 1507 970 1547 in
1002 1507 1091 1561 ejus
1121 1507 1317 1561 periculis
1349 1507 1461 1547 nullo
1494 1508 1620 1548 modo
1649 1508 1794 1548 deesse

193 1588 374 1629 possum,
399 1573 471 1612 sed
500 1572 625 1612 etiam
651 1570 726 1612 Cn.
751 1571 966 1626 Pompeio,
990 1571 1058 1625 qui
1080 1571 1143 1612 sui
1165 1571 1279 1620 facti,
1313 1571 1377 1611 5111
1394 1571 1553 1625 judicii,
1578 1572 1641 1612 5111
1670 1572 1794 1613 bene-

193 1637 275 1678 ficii
296 1637 424 1678 voluit
445 1652 511 1677 me
532 1651 635 1686 esse,
652 1641 700 1676 ut
721 1636 831 1690 apud
849 1636 1015 1676 eosdem
1038 1650 1120 1685 vos,
1132 1635 1309 1689 judices,
1327 1650 1460 1690 nuper
1480 1635 1522 1675 in
1541 1636 1623 1676 alia
1644 1651 1795 1677 caussa

192 1702 354 1750 fuerim,
373 1707 416 1742 et
436 1701 771 1756 praedicatorem
792 1705 836 1741 et
856 1706 1087 1741 auctorem.

252 1766 318 1805 Ac
348 1766 447 1805 mihi
480 1766 647 1820 quidem
674 1765 753 1805 hoc
782 1764 952 1818 dignum
983 1779 1027 1804 re
1049 1764 1225 1813 videtur,
1249 1765 1327 1805 hoc
1353 1764 1493 1805 deberi
1514 1765 1639 1819 hujus
1660 1765 1794 1805 excel—

193 1829 319 1872 lentis
340 1829 415 1870 viri
436 1829 819 1885 praestantissimae
841 1828 1008 1883 gloriae,
1031 1829 1110 1869 hoc
1140 1829 1354 1883 proprium
1385 1844 1475 1870 esse
1497 1829 1625 1870 vestri
1656 1829 1792 1879 officii,

197 1978 379 2017 Pompeius’
407 1978 576 2017 eloquence
602 1979 635 2008 in
664 1978 713 2009 his
730 1979 859 2014 Brutus,
877 1988 903 2008 9.
922 1980 972 2009 68.

199 2021 264 2061 (De
282 2022 362 2060 Imp.
380 2021 439 2051 Cn.
459 2022 610 2060 Pompeii,
628 2032 654 2051 c.
675 2023 724 2058 14,
748 2021 819 2051 Vol.
836 2021 884 2061 ii.)

244 2064 313 2102 [de]
333 2065 484 2093 memoria
500 2065 621 2102 majore
645 2064 698 2102 de]
719 2064 870 2093 Garatoni
880 2064 974 2093 omits

196 2107 251 2136 the
266 2107 335 2135 first
362 2109 369 2122 ⁴
384 2105 441 2135 de'
466 2106 527 2136 and
545 2106 651 2136 Baiter
674 2106 794 2135 follows
810 2107 886 2136 him.
943 2107 974 2135 It

197 2149 301 2179 would
325 2148 364 2178 be
390 2148 444 2178 the
468 2149 610 2187 simplest
637 2150 811 2178 correction
838 2152 871 2178 to
892 2149 973 2178 omit

197 2192 260 2221 this
279 2191 368 2227 ‘de3’
392 2191 449 2220 but
472 2200 551 2220 even
567 2192 643 2220 111911
667 2191 722 2220 1119
744 2202 876 2230 passage
900 2202 972 2230 may

198 2238 253 2263 not
279 2233 319 2262 be
344 2233 429 2272 quite
465 2233 802 2263 sound.—‘doctrinae
838 2234 936 2263 dediti
951 2234 970 2263 ι’

197 2276 261 2305 11115
293 2285 392 2305 5991115
422 2276 484 2304 like
515 2286 555 2304 311
585 2276 717 2305 allusion
748 2280 781 2305 to
805 2276 861 2306 the
887 2276 971 2305 Stoic

198 2318 336 2357 paradox
352 2317 387 2346 of
399 2318 453 2347 the
468 2318 540 2347 wisc
557 2318 657 2347 man's
672 2318 857 2357 perfection.
903 2319 972 2348 The

199 2361 272 2389 wise
289 2370 361 2388 man
378 2369 435 2388 can
451 2359 491 2388 do
506 2370 568 2399 any
584 2361 684 2399 thing.

244 2404 272 2431 ei
289 2425 296 2431 .
316 2424 322 2430 .
341 2402 498 2441 tractare]
541 2402 607 2431 ‘ei'
633 2403 669 2433 C.
730 2405 737 2419 ‘
750 2403 866 2433 Omnia
893 2413 972 2442 quae

200 2445 314 2474 faceret
327 2444 482 2479 tractare,’
498 2445 553 2473 the
564 2445 634 2474 MS.
646 2446 786 2484 reading,
798 2446 825 2475 is
836 2449 974 2484 corrupt.

201 2487 241 2516 In
267 2487 356 2526 place
380 2486 415 2515 of
437 2486 462 2515 it
489 2486 595 2516 Baiter
619 2488 721 2525 prints
747 2489 878 2517 ‘omnia
894 2498 976 2527 quae

200 2529 316 2559 faceret
342 2531 426 2558 recte
455 2538 487 2558 se
514 2529 609 2565 dare,'
642 2529 744 2559 which
768 2530 794 2559 is
818 2530 977 2569 Madvig’s

200 2571 385 2601 correction.

244 2615 284 2643 L.
306 2611 437 2650 Crasso]
462 2612 531 2642 The
543 2615 630 2651 great
642 2616 756 2649 orator,
767 2614 821 2643 the
837 2617 977 2643 contem-

201 2665 313 2695 porary
330 2655 365 2684 of
391 2654 439 2683 M.
455 2654 624 2684 Antonius.
681 2655 789 2685 Cicero
814 2657 876 2685 had
905 2666 976 2686 seen

202 2699 334 2729 Crassus
349 2697 440 2726 when
456 2697 496 2726 he
511 2706 572 2726 was
588 2707 607 2726 a
628 2696 700 2736 boy.
759 2698 809 2727 Hc
824 2699 909 2737 gives
924 2699 978 2728 the

203 2741 363 2770 character
378 2739 412 2768 of
426 2739 569 2769 Crassus'
587 2743 713 2778 oratory
729 2740 761 2768 in
790 2740 844 2769 the
861 2741 979 2770 Brutus

204 2782 246 2822 (c.
272 2784 322 2812 36,
341 2783 392 2811 38.
411 2781 476 2821 43).
522 2781 599 2810 This
626 2785 713 2820 great
743 2785 847 2811 orator
878 2783 975 2821 spoke

203 2825 274 2855 well
300 2824 378 2854 both
402 2824 434 2853 in
457 2826 546 2853 court
569 2823 631 2852 and
653 2823 759 2853 before
774 2824 827 2853 the
842 2825 976 2863 popular

202 2866 394 2899 assemblies.
440 2866 488 2897 M.
505 2866 664 2898 Antonius
692 2866 766 2908 only
782 2867 920 2899 excelled
942 2866 975 2898 in

1019 1978 1102 2008 what
1118 1989 1163 2008 we
1190 1979 1249 2008 call
1274 1978 1407 2008 forensic
1423 1982 1558 2018 oratory.
1606 1978 1715 2009 Cicero
1738 1979 1794 2010 has

1018 2022 1087 2051 well
1109 2021 1269 2051 described
1301 2022 1355 2051 the
1385 2022 1560 2051 excellence
1590 2022 1627 2051 of
1652 2022 1794 2052 Crassus.

1021 2064 1072 2093 He
1089 2064 1151 2093 had
1167 2074 1227 2093 one
1247 2074 1315 2094 rare
1338 2065 1442 2100 merit,
1468 2067 1486 2081 ‘⁶
1499 2065 1582 2103 quod
1595 2065 1718 2094 difficile
1737 2068 1794 2101 est,

1017 2107 1098 2135 idem
1116 2110 1148 2136 et
1164 2110 1349 2145 perornatus
1370 2110 1402 2136 et
1416 2106 1610 2145 perbrevis.'’
1659 2107 1709 2136 He
1725 2107 1795 2136 who

1018 2149 1110 2178 could
1141 2149 1285 2178 combine
1315 2153 1403 2187 great
1432 2149 1598 2179 oratorical
1628 2153 1796 2179 ornament

1017 2191 1092 2220 with
1115 2195 1203 2230 great
1224 2191 1356 2230 brevity,
1374 2194 1459 2220 must
1483 2191 1562 2221 have
1584 2191 1663 2220 been
1687 2202 1705 2221 3
1727 2202 1796 2221 rare

1017 2244 1101 2263 man.
1147 2234 1221 2263 And
1237 2244 1271 2263 so
1297 2234 1406 2263 Cicero
1422 2234 1570 2272 thought,
1586 2234 1634 2263 for
1658 2233 1698 2263 he
1725 2244 1796 2274 says

1017 2276 1163 2313 (Brutus,
1181 2286 1206 2305 c.
1224 2276 1279 2316 97)
1301 2277 1370 2305 that
1393 2276 1469 2305 each
1492 2285 1549 2314 age
1570 2277 1706 2316 scarcely
1721 2286 1794 2315 pro-

1016 2319 1117 2348 duced
1133 2329 1151 2348 a
1166 2319 1257 2348 brace
1275 2319 1310 2348 of
1322 2321 1442 2348 orators
1455 2318 1576 2357 worthy
1586 2318 1621 2348 of
1634 2328 1795 2348 commen-

1016 2361 1133 2391 dation.
1192 2361 1239 2391 To
1270 2360 1362 2390 make
1389 2361 1557 2399 Pompeius
1584 2361 1677 2400 equal
1701 2364 1732 2391 to
1756 2361 1794 2391 L.

1018 2403 1150 2433 Crassus
1166 2413 1227 2432 was
1242 2403 1409 2442 impudent
1425 2403 1560 2442 flattery.

1065 2448 1094 2475 2.
1119 2445 1298 2484 auctorem]
1342 2445 1366 2474 P
1384 2467 1391 2474 .
1411 2445 1589 2474 ‘actorem’
1609 2445 1658 2475 P2.
1677 2445 1731 2475 G1.
1755 2445 1794 2475 Ε.

1022 2490 1030 2504 ‘
1042 2487 1211 2517 Auctorem
1226 2487 1233 2500 ’
1258 2487 1291 2517 in
1307 2487 1370 2517 this
1386 2497 1476 2517 sense
1492 2488 1517 2517 is
1540 2497 1580 2516 an
1598 2490 1604 2504 ‘
1619 2487 1794 2526 approver.’

1023 2530 1118 2559 Klotz
1134 2529 1243 2559 thinks
1260 2530 1328 2559 that
1344 2530 1407 2559 this
1423 2539 1514 2559 sense
1529 2530 1556 2559 is
1580 2530 1705 2569 already
1721 2540 1796 2559 con-

1022 2572 1127 2601 tained
1143 2572 1176 2601 in
1201 2572 1464 2610 ‘praedicatorem
1478 2571 1498 2608 ;’
1521 2572 1583 2601 and
1599 2572 1796 2611 accordingly

1022 2614 1063 2643 he
1078 2614 1196 2652 prefers
1214 2614 1380 2644 ‘actorem'
1398 2615 1430 2643 in
1440 2614 1495 2644 the
1507 2624 1598 2644 sense
1613 2614 1648 2643 of
1659 2614 1796 2653 pleader,

1023 2657 1164 2695 speaker,
1177 2659 1299 2695 patron.

1067 2699 1198 2737 diynum
1215 2699 1266 2738 re]
1292 2698 1396 2728 There
1411 2698 1436 2728 is
1460 2708 1479 2728 a
1493 2698 1615 2727 variant
1639 2697 1715 2733 ‘re‚’
1739 2698 1797 2728 but

1022 2740 1077 2770 the
1092 2740 1188 2770 MSS.
1204 2741 1283 2770 have
1300 2741 1385 2770 ‘rei.'
1432 2741 1582 2770 Garatoni
1598 2741 1655 2769 has
1671 2743 1678 2756 ⁴
1691 2750 1725 2769 re
1739 2740 1796 2780 p.,'

1018 2783 1090 2812 that
1114 2783 1141 2812 is
1169 2785 1222 2813 ‘re
1248 2782 1404 2822 publica3’
1428 2782 1489 2812 and
1515 2780 1622 2812 Baiter
1647 2783 1748 2821 prints
1771 2784 1797 2813 it

1020 2834 1065 2855 so.
1112 2825 1206 2855 Some
1221 2825 1355 2855 editions
1371 2822 1473 2856 have“
1488 2825 1617 2864 dignum
1633 2824 1710 2855 reo!
