1816 3211
732 169 866 212 OAP.
898 170 1023 214 5—7.
1601 177 1682 218 663

82 281 124 322 in
145 285 394 337 perpetuum
414 282 529 324 fore?
589 282 742 324 Ponite
762 288 862 325 ante
883 283 1024 324 oculos
1047 284 1110 326 M.
1136 284 1370 326 Antonium
1390 287 1648 329 consularem
1665 307 1676 337 ;

80 352 319 401 sperantem
355 347 620 389 consulatum
654 347 831 389 Lucium
861 349 1108 404 adjungite;
1142 351 1332 405 supplete
1360 356 1524 392 ceteros
1544 367 1679 407 neque

79 411 215 452 nostri
256 412 414 452 ordinis
454 413 589 453 solum
628 413 810 454 honores
846 418 890 455 et
923 413 1097 469 imperia
1135 415 1415 464 meditantes3
1462 417 1590 458 nolite
1627 432 1679 458 ne

81 476 257 518 Tirones
278 477 456 531 quidem,
482 477 707 529 Numisios,
734 479 957 529 Mustelas,
984 479 1104 520 Seios
1135 485 1416 522 contemnere.
1478 481 1584 522 Cum
1614 483 1679 523 his

78 541 191 582 facta
211 556 293 596 pax
314 556 396 582 non
417 542 498 582 erit
519 557 612 596 an,
637 543 711 583 sed
732 543 872 597 pactio
893 543 1123 585 servitutis.
1172 545 1221 585 L.
1246 545 1414 586 Pisonis
1434 547 1678 601 amplissimi

78 606 152 646 viri
174 606 388 661 praeclara
404 621 484 646 vox
504 621 530 646 a
550 611 594 647 te
616 621 698 648 non
719 608 852 648 solum
874 608 915 648 in
937 609 1015 649 hoc
1038 609 1194 658 ordine,
1219 610 1372 658 Pansa,
1391 612 1466 652 sed
1487 612 1615 652 etiam
1635 613 1678 653 in

77 671 272 712 contione
299 671 394 724 jure
426 671 597 712 laudata
629 677 708 713 est.
771 673 1058 714 Excessurum
1092 688 1137 715 se
1170 689 1222 714 ex
1260 674 1385 716 Italia
1421 676 1539 726 dixit,
1576 677 1678 718 deos

75 742 251 790 penates
278 740 321 776 et
352 735 473 776 sedes
507 736 665 789 patrias
699 737 957 786 relicturum,
980 739 1028 787 si,
1053 739 1164 793 quod
1188 739 1243 779 dii
1275 754 1397 780 omen
1432 742 1674 793 averterint,

75 814 165 840 rem
198 799 409 855 publicam
442 800 720 855 oppressisset
755 800 986 843 Antonius.
1049 803 1160 843 VII.
1194 804 1359 856 Quaero
1395 805 1525 860 igitur
1558 821 1584 847 a
1619 812 1674 857 te,

78 864 127 905 L.
151 865 263 915 Piso,
293 879 430 906 nonne
461 879 704 920 oppressam
737 879 825 905 rem
858 866 1068 920 publicam
1103 873 1238 922 putes,
1261 868 1295 908 si
1318 874 1394 917 tot,
1430 874 1518 910 tam
1546 871 1673 926 impii,

74 934 163 971 tam
195 929 389 980 audaces,
428 934 515 970 tam
549 929 775 970 facinorosi
811 931 972 985 recepti
1008 931 1119 973 sint?
1182 932 1296 984 Quos
1328 934 1512 974 nondum
1544 936 1677 976 tantis

74 994 305 1050 parricidiis
346 994 660 1036 contaminatos
699 993 769 1035 vix
807 995 1056 1046 ferebamus,
1099 996 1177 1037 hos
1216 1011 1326 1037 nunc
1367 998 1479 1038 omni
1513 1000 1673 1041 scelere

73 1064 294 1113 coopertos
315 1059 555 1100 tolerabiles
576 1074 721 1101 censes
743 1059 904 1100 civitati
925 1061 1040 1101 fore?
1088 1061 1181 1103 Aut
1202 1061 1283 1103 isto
1305 1068 1391 1111 tuo,
1415 1063 1516 1104 mihi
1537 1066 1673 1114 crede,

73 1123 243 1164 consilio
260 1123 341 1164 erit
362 1124 580 1173 utendum,
598 1129 647 1165 ut
669 1124 878 1173 cedamus,
901 1125 1111 1176 abeamus,
1135 1126 1265 1167 vitam
1286 1126 1451 1181 inopem
1468 1133 1512 1170 et
1526 1144 1676 1185 vagam

72 1202 379 1242 persequamur,
403 1194 479 1230 aut
500 1189 682 1230 cervices
702 1190 937 1231 latronibus
964 1191 1125 1231 dandae
1147 1197 1272 1245 atque
1293 1191 1334 1231 in
1356 1192 1494 1246 patria
1524 1195 1674 1235 caden—

73 1252 172 1293 dum
206 1257 286 1294 est.
348 1253 434 1294 Ubi
470 1259 581 1302 sunt,
621 1253 667 1294 G.
705 1254 858 1303 Pansa,
897 1255 989 1296 illae
1028 1255 1339 1297 cohortationes
1371 1257 1674 1311 pulcherrimae

71 1322 181 1366 tuae,
207 1317 356 1372 quibus
377 1332 402 1358 a
422 1322 467 1358 te
489 1318 699 1359 excitatus
728 1324 913 1368 senatus,
937 1319 1220 1361 inflammatus
1241 1321 1419 1375 populus
1442 1321 1669 1377 Romanus,

70 1397 154 1423 non
185 1382 319 1422 solum
353 1382 525 1431 audivit,
559 1383 634 1423 sed
668 1383 797 1424 etiam
832 1384 978 1426 didicit
1009 1384 1112 1424 nihil
1145 1399 1237 1425 esse
1280 1385 1437 1426 homini
1479 1387 1671 1430 Romano

68 1446 230 1487 foedius
251 1446 482 1487 servitute?
527 1447 744 1488 Idcircone
766 1463 868 1502 saga
888 1449 1151 1504 sumpsimus,
1174 1464 1291 1489 arma
1312 1450 1506 1505 cepimus,
1525 1453 1672 1506 juven-

67 1515 203 1552 tutem
234 1525 399 1551 omnem
420 1526 472 1552 ex
493 1517 587 1553 tota
610 1512 736 1553 Italia
766 1514 1040 1563 excussimus,
1072 1519 1120 1554 ut
1151 1514 1340 1556 exercitu
1375 1515 1670 1559 florentissimo

67 1581 111 1617 et
141 1575 320 1616 maximo
350 1575 478 1630 legati
509 1577 562 1617 ad
590 1592 735 1632 pacem
762 1578 1059 1619 mitterentur?
1089 1578 1125 1619 si
1159 1579 1453 1633 accipiendam,
1485 1596 1561 1622 cur
1586 1598 1669 1624 non

66 1642 291 1694 rogamur?
333 1640 368 1680 si
404 1641 710 1695 postulandam,
745 1642 844 1697 quid
876 1642 1100 1684 timemus?
1161 1643 1212 1683 In
1243 1644 1322 1684 hac
1351 1660 1428 1700 ego
1459 1647 1669 1700 legatione

65 1704 145 1746 sim
164 1710 239 1746 aut
259 1705 311 1745 ad
333 1705 374 1745 id
396 1705 616 1746 consilium
646 1707 889 1757 admiscear,
925 1707 966 1747 in
996 1722 1078 1762 quo
1101 1722 1153 1748 ne
1174 1708 1208 1748 si
1231 1708 1465 1751 dissensero
1502 1713 1667 1766 quidem

63 1784 90 1811 a
110 1769 262 1810 ceteris
292 1771 475 1810 sciturus
506 1770 684 1825 populus
713 1771 929 1812 Romanus
950 1772 1033 1813 sit-,3
1094 1772 1164 1813 Ita
1185 1773 1259 1814 fiet
1280 1779 1327 1815 ut
1348 1775 1383 1815 si
1404 1776 1502 1829 quid
1524 1777 1665 1818 remis-

63 1848 157 1875 sum
177 1838 250 1875 aut
272 1848 517 1875 concessum
532 1835 602 1884 sit,
620 1850 713 1876 meo
734 1850 897 1890 semper
918 1836 1102 1890 periculo
1123 1842 1271 1890 peccet
1293 1839 1519 1889 Antonius,
1539 1856 1666 1896 quum

64 1898 102 1939 ei
122 1899 323 1953 peccandi
344 1904 536 1953 potestas
556 1915 581 1940 a
601 1915 666 1940 me
689 1915 888 1942 concessa
909 1902 1112 1943 videatur.

123 1962 245 2013 Quod
265 1962 299 2002 si
320 1963 512 2004 habenda
533 1979 628 2004 cum
652 1965 699 2004 M
739 1966 917 2006 Antonii
947 1967 1168 2009 latrocinio
1189 1969 1305 2023 pacis
1325 1968 1433 2010 ratio
1454 1970 1546 2021 fuit,
1570 1985 1664 2012 mea

62 2030 204 2072 tamen
231 2041 409 2081 persona
429 2028 482 2068 ad
500 2028 624 2068 istam
646 2043 794 2083 paoem
816 2030 1118 2072 conciliandam
1139 2033 1307 2074 minime
1328 2034 1407 2074 suit
1429 2035 1660 2089 deligenda.

63 2090 160 2145 Ego
180 2105 405 2145 numquam
425 2091 586 2145 legatos
606 2093 836 2133 mittendos
857 2094 1025 2134 censui:
1059 2110 1139 2150 ego
1166 2102 1266 2138 ante
1294 2098 1473 2138 reditum
1502 2099 1660 2153 legato-

61 2170 153 2195 rum
187 2170 313 2196 ausus
346 2170 439 2196 sum
474 2155 624 2204 dicore,
667 2156 823 2197 Pacem
864 2157 996 2211 ipsam
1033 2159 1068 2200 si
1099 2161 1307 2209 afferrent,
1344 2163 1539 2215 quoniam
1579 2165 1658 2206 sub

60 2220 228 2261 nomine
255 2219 372 2275 pacis
400 2219 554 2260 bellum
573 2220 739 2270 lateret,
761 2221 1085 2275 repudiandam:
1120 2239 1198 2279 ego
1219 2225 1410 2280 princeps
1431 2240 1652 2281 sagorum:

105 2341 176 2362 cum
193 2332 258 2372 leis]
287 2333 377 2362 ‘cum
394 2332 431 2361 iis
445 2331 452 2344 ’
469 2334 483 2361 t
501 2331 608 2367 Halm,
627 2334 634 2348 ‘
646 2341 717 2361 cum
734 2333 760 2362 is
775 2332 783 2346 '
797 2333 836 2369 V,
882 2333 964 2370 this;
992 2335 1053 2364 and
1087 2336 1100 2365 1
1133 2335 1224 2367 don't
1255 2347 1306 2368 see
1336 2337 1407 2368 how
1437 2341 1445 2356 ⁴
1458 2343 1635 2371 averterent
1647 2341 1655 2353 ⁹

62 2375 70 2391 ‘
82 2383 153 2404 cum
184 2374 233 2403 his
247 2376 254 2390 '
282 2384 301 2404 a
327 2374 346 2403 b
374 2376 458 2413 g.—⁴
471 2384 530 2412 pax
549 2396 556 2403 .
574 2396 582 2403 .
601 2396 608 2403 .
626 2375 729 2412 pactio
747 2374 766 2404 ε’
797 2375 838 2405 he
882 2377 975 2406 could
992 2378 1084 2407 stand
1102 2378 1185 2408 here.

60 2425 154 2446 usues
171 2418 178 2432 ⁴
194 2426 254 2455 pax
272 2416 279 2429 '
295 2416 357 2446 and
374 2417 497 2455 ‘pactio
514 2416 520 2429 ’
539 2416 640 2455 partly
658 2416 790 2446 because
805 2417 841 2446 of
925 2420 955 2454 7.
979 2422 1192 2459 arcussimus]
1219 2421 1258 2457 V,
1277 2424 1284 2438 ⁴
1297 2423 1468 2454 excivimus
1483 2423 1490 2435 '
1508 2424 1549 2454 D.
1584 2425 1652 2455 No-

60 2459 116 2488 the
131 2458 294 2497 similarity
311 2458 346 2487 of
367 2459 526 2496 meaning,
553 2459 600 2487 for
617 2462 623 2475 ⁸
638 2469 695 2498 pac
708 2459 716 2471 '
733 2459 759 2488 is
783 2460 836 2489 the
881 2461 951 2491 nius
976 2462 1145 2493 Marcellus
1169 2467 1215 2504 (p.
1233 2464 1320 2503 299),
1347 2466 1464 2504 quoted
1489 2467 1528 2506 by
1548 2468 1654 2497 Ferra-

60 2504 131 2530 root
146 2500 182 2529 of
195 2500 270 2529 both
284 2512 291 2536 ;
307 2500 369 2530 and
386 2501 487 2539 partly
500 2501 548 2529 for
564 2501 618 2530 tho
633 2501 833 2537 allitcration.
878 2504 943 2533 rius
970 2504 1032 2534 and
1062 2506 1180 2541 others.
1209 2507 1265 2537 hus
1287 2508 1503 2546 ‘juventutem
1522 2532 1528 2539 .
1548 2533 1555 2540 .
1574 2533 1580 2540 .
1598 2521 1653 2540 ex-

60 2542 161 2571 which
178 2542 218 2572 he
233 2543 319 2571 often
337 2543 454 2571 affecti-³.
499 2543 545 2572 As
569 2546 601 2572 to
622 2544 766 2582 ‘pactio,’
783 2555 834 2575 seo
879 2547 1057 2576 cussimus!

60 2585 132 2614 Vol.
148 2585 169 2613 i.
190 2584 299 2619 Index,
319 2588 325 2600 ‘
340 2585 470 2614 ructio!
921 2589 964 2618 ad
980 2589 1014 2618 id
1029 2591 1212 2631 consilium]
1242 2592 1311 2621 The
1327 2603 1456 2632 persons
1469 2594 1539 2623 who
1552 2595 1654 2633 might

103 2627 294 2665 averterint]
333 2630 340 2643 ⁴
352 2627 499 2656 averterit
513 2625 520 2639 '
537 2627 576 2662 V,
606 2629 613 2643 ‘
627 2631 770 2658 avertent
783 2628 790 2641 '
808 2631 832 2663 t,
878 2630 917 2660 be
933 2636 1003 2662 sont
1018 2635 1051 2662 to
1067 2634 1226 2663 Antonius
1242 2634 1338 2664 about
1356 2646 1458 2674 peuce.

60 2668 274 2698 ‘averterent'
292 2679 310 2698 a
336 2668 356 2698 b
381 2679 419 2706 g;
441 2671 463 2685 ⁴¹
479 2670 558 2698 sorte
588 2674 682 2704 recte.
708 2674 744 2700 ut
768 2671 832 2701 sint
918 2683 987 2703 mea
1012 2697 1019 2704 .
1039 2697 1046 2704 .
1064 2697 1072 2705 .
1093 2677 1249 2716 persona]
1300 2678 1358 2707 See
1388 2678 1456 2707 Vol.
1489 2679 1509 2707 i.
1539 2679 1649 2713 Index.

60 2711 183 2741 Pisonis
206 2710 320 2746 verba3
346 2721 418 2740 nam
445 2711 520 2741 alias
545 2715 691 2741 avertant
717 2713 749 2742 in
775 2713 832 2744 hac
877 2718 885 2732 ⁴
900 2715 1111 2747 Persona.’—‘
1126 2718 1236 2748 Pacem
1254 2719 1386 2758 ipsamz’
1405 2720 1444 2749 ln·
1468 2721 1652 2759 porsonities

58 2753 194 2783 formula
209 2753 333 2790 dicitur,
348 2757 383 2782 ut
398 2754 455 2782 Or.
472 2753 513 2783 iii.
536 2756 550 2792 ᾗ
569 2756 608 2783 35
627 2757 670 2792 (c.
691 2755 753 2793 14),
770 2756 830 2786 xiv.
878 2757 985 2795 Pence,
1013 2769 1046 2789 as
1077 2760 1116 2790 ho
1143 2761 1218 2790 does
1250 2763 1339 2792 Salus
1366 2764 1556 2796 sometimes.
1587 2763 1650 2792 and

58 2797 76 2833 ς
92 2797 134 2825 26
151 2794 192 2835 (c.
210 2795 256 2832 9),
273 2795 314 2824 xi.
334 2798 349 2832 ξ
371 2796 404 2826 ll
426 2795 466 2835 (e.
483 2795 530 2836 5),
547 2796 611 2825 xiii.
632 2799 647 2833 §
664 2797 683 2831 7
701 2797 742 2836 (e.
759 2798 793 2837 3)
810 2798 828 2811 ”
876 2800 1083 2833 Fides.—‘ad
1107 2804 1260 2843 populum
1276 2827 1284 2835 .
1305 2827 1312 2834 .
1331 2827 1338 2834 .
1355 2805 1404 2844 ogi
1418 2804 1438 2834 ι’
1464 2804 1570 2834 before
1594 2805 1650 2835 tho

59 2837 200 2877 (Halm).
249 2838 312 2867 But
328 2842 335 2854 ⁴
346 2842 490 2867 avertant
503 2837 510 2850 '
527 2838 559 2867 in
576 2839 665 2869 these
680 2839 831 2870 formulae
875 2843 998 2882 people.

58 2880 167 2911 stands
182 2880 214 2910 in
229 2890 248 2910 a
263 2880 408 2911 different
424 2880 500 2910 kind
524 2881 559 2911 of
579 2884 726 2913 sentence
751 2882 831 2914 from
