<?xml version="1.0" encoding="UTF-8"?>
<!DOCTYPE html PUBLIC "-//W3C//DTD XHTML 1.0 Transitional//EN"
    "http://www.w3.org/TR/xhtml1/DTD/xhtml1-transitional.dtd">
<html xmlns="http://www.w3.org/1999/xhtml" xml:lang="en" lang="en">
 <head>
  <title>
</title>
<meta http-equiv="Content-Type" content="text/html;charset=utf-8" />
  <meta name='ocr-system' content='tesseract 3.04.00' />
  <meta name='ocr-capabilities' content='ocr_page ocr_carea ocr_par ocr_line ocrx_word'/>
</head>
<body>
  <div class='ocr_page' id='page_1' title='image "./orationeswithcom04ciceuoft/orationeswithcom04ciceuoft_0669.png"; bbox 0 0 1816 3211; ppageno 0'>
   <div class='ocr_carea' id='block_1_1' title="bbox 750 178 1686 230">
    <p class='ocr_par' dir='ltr' id='par_1_1' title="bbox 750 178 1686 230">
     <span class='ocr_line' id='line_1_1' title="bbox 750 178 1686 230; baseline 0.007 -9"><span class='ocrx_word' id='word_1_1' title='bbox 750 179 822 221; x_wconf 81' lang='lat' dir='ltr'>CA</span> <span class='ocrx_word' id='word_1_2' title='bbox 834 178 884 221; x_wconf 88' lang='lat' dir='ltr'>P.</span> <span class='ocrx_word' id='word_1_3' title='bbox 917 182 956 229; x_wconf 91' lang='lat'>8,</span> <span class='ocrx_word' id='word_1_4' title='bbox 980 182 1020 221; x_wconf 83' lang='lat'>9.</span> <span class='ocrx_word' id='word_1_5' title='bbox 1603 186 1686 230; x_wconf 69' lang='lat'>647</span> 
     </span>
    </p>
   </div>
   <div class='ocr_carea' id='block_1_2' title="bbox 48 288 1677 2490">
    <p class='ocr_par' dir='ltr' id='par_1_2' title="bbox 66 288 1677 862">
     <span class='ocr_line' id='line_1_2' title="bbox 76 288 1675 350; baseline 0.004 -20"><span class='ocrx_word' id='word_1_6' title='bbox 76 294 143 331; x_wconf 85' lang='lat' dir='ltr'>est</span> <span class='ocrx_word' id='word_1_7' title='bbox 174 288 332 332; x_wconf 83' lang='lat' dir='ltr'>datum.</span> <span class='ocrx_word' id='word_1_8' title='bbox 394 291 668 346; x_wconf 88' lang='lat' dir='ltr'>Eripuissetis</span> <span class='ocrx_word' id='word_1_9' title='bbox 700 292 746 334; x_wconf 80' lang='lat' dir='ltr'>C.</span> <span class='ocrx_word' id='word_1_10' title='bbox 771 291 953 342; x_wconf 82' lang='lat' dir='ltr'>Caesari,</span> <span class='ocrx_word' id='word_1_11' title='bbox 986 297 1130 348; x_wconf 87' lang='lat' dir='ltr'>patres</span> <span class='ocrx_word' id='word_1_12' title='bbox 1166 293 1403 350; x_wconf 79' lang='lat' dir='ltr'>conscripti,</span> <span class='ocrx_word' id='word_1_13' title='bbox 1442 295 1675 350; x_wconf 83' lang='lat' dir='ltr'>imperium,</span> 
     </span>
     <span class='ocr_line' id='line_1_3' title="bbox 75 351 1675 413; baseline 0.005 -22"><span class='ocrx_word' id='word_1_14' title='bbox 75 351 154 392; x_wconf 90' lang='lat' dir='ltr'>nisi</span> <span class='ocrx_word' id='word_1_15' title='bbox 175 352 410 395; x_wconf 73' lang='lat' dir='ltr'>dedissetis.</span> <span class='ocrx_word' id='word_1_16' title='bbox 473 354 637 396; x_wconf 78' lang='lat' dir='ltr'>Milites</span> <span class='ocrx_word' id='word_1_17' title='bbox 658 355 855 405; x_wconf 85' lang='lat' dir='ltr'>veterani,</span> <span class='ocrx_word' id='word_1_18' title='bbox 881 356 949 410; x_wconf 91' lang='lat' dir='ltr'>qui</span> <span class='ocrx_word' id='word_1_19' title='bbox 970 356 1078 396; x_wconf 91' lang='lat' dir='ltr'>illius</span> <span class='ocrx_word' id='word_1_20' title='bbox 1112 357 1421 407; x_wconf 84' lang='lat' dir='ltr'>auctoritatem,</span> <span class='ocrx_word' id='word_1_21' title='bbox 1446 358 1675 413; x_wconf 91' lang='lat' dir='ltr'>imperium,</span> 
     </span>
     <span class='ocr_line' id='line_1_4' title="bbox 74 419 1676 476; baseline 0.005 -20"><span class='ocrx_word' id='word_1_22' title='bbox 74 431 226 457; x_wconf 90' lang='lat' dir='ltr'>nomen</span> <span class='ocrx_word' id='word_1_23' title='bbox 258 419 391 460; x_wconf 85' lang='lat' dir='ltr'>secuti</span> <span class='ocrx_word' id='word_1_24' title='bbox 423 434 499 474; x_wconf 92' lang='lat' dir='ltr'>pro</span> <span class='ocrx_word' id='word_1_25' title='bbox 521 434 565 460; x_wconf 90' lang='lat' dir='ltr'>re</span> <span class='ocrx_word' id='word_1_26' title='bbox 586 419 752 474; x_wconf 89' lang='lat' dir='ltr'>publica</span> <span class='ocrx_word' id='word_1_27' title='bbox 783 435 901 460; x_wconf 88' lang='lat' dir='ltr'>arma</span> <span class='ocrx_word' id='word_1_28' title='bbox 934 426 1147 476; x_wconf 85' lang='lat' dir='ltr'>ceperant,</span> <span class='ocrx_word' id='word_1_29' title='bbox 1180 422 1376 463; x_wconf 86' lang='lat' dir='ltr'>volebant</span> <span class='ocrx_word' id='word_1_30' title='bbox 1412 423 1491 463; x_wconf 88' lang='lat' dir='ltr'>sibi</span> <span class='ocrx_word' id='word_1_31' title='bbox 1525 424 1577 464; x_wconf 86' lang='lat' dir='ltr'>ab</span> <span class='ocrx_word' id='word_1_32' title='bbox 1609 424 1676 465; x_wconf 94' lang='lat' dir='ltr'>illo</span> 
     </span>
     <span class='ocr_line' id='line_1_5' title="bbox 72 479 1677 537; baseline 0.006 -16"><span class='ocrx_word' id='word_1_33' title='bbox 72 479 265 536; x_wconf 85' lang='lat' dir='ltr'>imperari</span> <span class='ocrx_word' id='word_1_34' title='bbox 283 499 291 523; x_wconf 94' lang='lat'>:</span> <span class='ocrx_word' id='word_1_35' title='bbox 325 482 433 537; x_wconf 86' lang='lat' dir='ltr'>legio</span> <span class='ocrx_word' id='word_1_36' title='bbox 458 483 617 524; x_wconf 88' lang='lat' dir='ltr'>Martia</span> <span class='ocrx_word' id='word_1_37' title='bbox 637 489 680 526; x_wconf 91' lang='lat' dir='ltr'>et</span> <span class='ocrx_word' id='word_1_38' title='bbox 703 484 863 536; x_wconf 73' lang='lat' dir='ltr'>Quarta</span> <span class='ocrx_word' id='word_1_39' title='bbox 884 485 943 526; x_wconf 87' lang='lat' dir='ltr'>ita</span> <span class='ocrx_word' id='word_1_40' title='bbox 964 501 1008 527; x_wconf 89' lang='lat' dir='ltr'>se</span> <span class='ocrx_word' id='word_1_41' title='bbox 1030 487 1294 528; x_wconf 87' lang='lat' dir='ltr'>contulerant</span> <span class='ocrx_word' id='word_1_42' title='bbox 1309 488 1362 528; x_wconf 88' lang='lat' dir='ltr'>ad</span> <span class='ocrx_word' id='word_1_43' title='bbox 1377 489 1677 530; x_wconf 88' lang='lat' dir='ltr'>auctoritatem</span> 
     </span>
     <span class='ocr_line' id='line_1_6' title="bbox 71 548 1675 609; baseline 0.006 -22"><span class='ocrx_word' id='word_1_44' title='bbox 71 553 244 588; x_wconf 83' lang='lat' dir='ltr'>senatus</span> <span class='ocrx_word' id='word_1_45' title='bbox 275 548 497 603; x_wconf 87' lang='lat' dir='ltr'>populique</span> <span class='ocrx_word' id='word_1_46' title='bbox 532 549 710 591; x_wconf 88' lang='lat' dir='ltr'>Romani</span> <span class='ocrx_word' id='word_1_47' title='bbox 744 551 994 605; x_wconf 85' lang='lat' dir='ltr'>dignitatem</span> <span class='ocrx_word' id='word_1_48' title='bbox 1016 558 1062 593; x_wconf 92' lang='lat' dir='ltr'>ut</span> <span class='ocrx_word' id='word_1_49' title='bbox 1083 553 1355 607; x_wconf 79' lang='lat' dir='ltr'>deposcerent</span> <span class='ocrx_word' id='word_1_50' title='bbox 1378 554 1675 609; x_wconf 85' lang='lat' dir='ltr'>imperatorem</span> 
     </span>
     <span class='ocr_line' id='line_1_7' title="bbox 69 612 1673 671; baseline 0.006 -20"><span class='ocrx_word' id='word_1_51' title='bbox 69 618 113 652; x_wconf 86' lang='lat' dir='ltr'>et</span> <span class='ocrx_word' id='word_1_52' title='bbox 153 613 303 653; x_wconf 90' lang='lat' dir='ltr'>ducem</span> <span class='ocrx_word' id='word_1_53' title='bbox 340 612 386 653; x_wconf 83' lang='lat' dir='ltr'>O.</span> <span class='ocrx_word' id='word_1_54' title='bbox 424 612 659 656; x_wconf 80' lang='lat' dir='ltr'>Caesarem.</span> <span class='ocrx_word' id='word_1_55' title='bbox 723 615 949 671; x_wconf 85' lang='lat' dir='ltr'>Imperium</span> <span class='ocrx_word' id='word_1_56' title='bbox 991 617 1037 658; x_wconf 82' lang='lat' dir='ltr'>C.</span> <span class='ocrx_word' id='word_1_57' title='bbox 1073 617 1239 658; x_wconf 85' lang='lat' dir='ltr'>Caesari</span> <span class='ocrx_word' id='word_1_58' title='bbox 1286 618 1379 658; x_wconf 89' lang='lat' dir='ltr'>belli</span> <span class='ocrx_word' id='word_1_59' title='bbox 1430 620 1673 669; x_wconf 84' lang='lat' dir='ltr'>necessitas,</span> 
     </span>
     <span class='ocr_line' id='line_1_8' title="bbox 67 676 1671 738; baseline 0.007 -23"><span class='ocrx_word' id='word_1_60' title='bbox 67 676 200 717; x_wconf 83' lang='lat' dir='ltr'>fasces</span> <span class='ocrx_word' id='word_1_61' title='bbox 232 682 404 718; x_wconf 89' lang='lat' dir='ltr'>senatus</span> <span class='ocrx_word' id='word_1_62' title='bbox 437 678 566 720; x_wconf 82' lang='lat' dir='ltr'>dedit.</span> <span class='ocrx_word' id='word_1_63' title='bbox 629 680 775 721; x_wconf 89' lang='lat' dir='ltr'>Otioso</span> <span class='ocrx_word' id='word_1_64' title='bbox 798 696 894 721; x_wconf 90' lang='lat' dir='ltr'>vero</span> <span class='ocrx_word' id='word_1_65' title='bbox 918 686 961 722; x_wconf 92' lang='lat' dir='ltr'>et</span> <span class='ocrx_word' id='word_1_66' title='bbox 983 681 1082 722; x_wconf 91' lang='lat' dir='ltr'>nihil</span> <span class='ocrx_word' id='word_1_67' title='bbox 1110 683 1252 737; x_wconf 78' lang='lat' dir='ltr'>agenti</span> <span class='ocrx_word' id='word_1_68' title='bbox 1286 684 1463 738; x_wconf 87' lang='lat' dir='ltr'>privato,</span> <span class='ocrx_word' id='word_1_69' title='bbox 1500 685 1671 726; x_wconf 89' lang='lat' dir='ltr'>obsecro</span> 
     </span>
     <span class='ocr_line' id='line_1_9' title="bbox 66 740 1672 805; baseline 0.006 -24"><span class='ocrx_word' id='word_1_70' title='bbox 66 746 123 791; x_wconf 89' lang='lat' dir='ltr'>te,</span> <span class='ocrx_word' id='word_1_71' title='bbox 164 740 213 782; x_wconf 90' lang='lat' dir='ltr'>L.</span> <span class='ocrx_word' id='word_1_72' title='bbox 251 741 577 790; x_wconf 85' lang='lat' dir='ltr'>Caesar,—cum</span> <span class='ocrx_word' id='word_1_73' title='bbox 616 745 868 798; x_wconf 87' lang='lat' dir='ltr'>peritissimo</span> <span class='ocrx_word' id='word_1_74' title='bbox 909 746 1075 786; x_wconf 91' lang='lat' dir='ltr'>homine</span> <span class='ocrx_word' id='word_1_75' title='bbox 1117 747 1215 786; x_wconf 90' lang='lat' dir='ltr'>mihi</span> <span class='ocrx_word' id='word_1_76' title='bbox 1257 762 1324 788; x_wconf 88' lang='lat' dir='ltr'>res</span> <span class='ocrx_word' id='word_1_77' title='bbox 1365 751 1672 805; x_wconf 88' lang='lat' dir='ltr'>est,—quando</span> 
     </span>
     <span class='ocr_line' id='line_1_10' title="bbox 66 807 650 862; baseline 0.003 -15"><span class='ocrx_word' id='word_1_78' title='bbox 66 807 286 862; x_wconf 88' lang='lat' dir='ltr'>imperium</span> <span class='ocrx_word' id='word_1_79' title='bbox 307 812 480 849; x_wconf 88' lang='lat' dir='ltr'>senatus</span> <span class='ocrx_word' id='word_1_80' title='bbox 504 808 650 850; x_wconf 66' lang='lat' dir='ltr'>dedit?</span> 
     </span>
    </p>

    <p class='ocr_par' dir='ltr' id='par_1_3' title="bbox 48 873 1670 2490">
     <span class='ocr_line' id='line_1_11' title="bbox 124 873 1670 932; baseline 0.006 -19"><span class='ocrx_word' id='word_1_81' title='bbox 124 873 212 914; x_wconf 90' lang='lat' dir='ltr'>IX.</span> <span class='ocrx_word' id='word_1_82' title='bbox 247 873 330 914; x_wconf 85' lang='lat' dir='ltr'>Sed</span> <span class='ocrx_word' id='word_1_83' title='bbox 346 874 397 914; x_wconf 92' lang='lat' dir='ltr'>de</span> <span class='ocrx_word' id='word_1_84' title='bbox 414 874 493 915; x_wconf 90' lang='lat' dir='ltr'>hoc</span> <span class='ocrx_word' id='word_1_85' title='bbox 515 874 681 929; x_wconf 92' lang='lat' dir='ltr'>quidem</span> <span class='ocrx_word' id='word_1_86' title='bbox 703 874 919 926; x_wconf 79' lang='lat' dir='ltr'>hactenus,</span> <span class='ocrx_word' id='word_1_87' title='bbox 942 891 995 917; x_wconf 91' lang='lat' dir='ltr'>ne</span> <span class='ocrx_word' id='word_1_88' title='bbox 1016 877 1217 932; x_wconf 83' lang='lat' dir='ltr'>refragari</span> <span class='ocrx_word' id='word_1_89' title='bbox 1240 878 1397 918; x_wconf 88' lang='lat' dir='ltr'>homini</span> <span class='ocrx_word' id='word_1_90' title='bbox 1418 879 1670 922; x_wconf 89' lang='lat' dir='ltr'>amicissimo</span> 
     </span>
     <span class='ocr_line' id='line_1_12' title="bbox 63 938 1670 997; baseline 0.004 -19"><span class='ocrx_word' id='word_1_91' title='bbox 63 952 112 978; x_wconf 88' lang='lat' dir='ltr'>ac</span> <span class='ocrx_word' id='word_1_92' title='bbox 134 939 186 979; x_wconf 91' lang='lat' dir='ltr'>de</span> <span class='ocrx_word' id='word_1_93' title='bbox 207 953 272 979; x_wconf 91' lang='lat' dir='ltr'>me</span> <span class='ocrx_word' id='word_1_94' title='bbox 294 938 451 993; x_wconf 88' lang='lat' dir='ltr'>optime</span> <span class='ocrx_word' id='word_1_95' title='bbox 467 939 617 980; x_wconf 89' lang='lat' dir='ltr'>merito</span> <span class='ocrx_word' id='word_1_96' title='bbox 634 940 773 980; x_wconf 87' lang='lat' dir='ltr'>videar</span> <span class='ocrx_word' id='word_1_97' title='bbox 791 957 802 987; x_wconf 83' lang='lat'>;</span> <span class='ocrx_word' id='word_1_98' title='bbox 837 940 918 981; x_wconf 89' lang='lat' dir='ltr'>etsi</span> <span class='ocrx_word' id='word_1_99' title='bbox 941 941 1032 996; x_wconf 92' lang='lat' dir='ltr'>quis</span> <span class='ocrx_word' id='word_1_100' title='bbox 1054 947 1197 996; x_wconf 89' lang='lat' dir='ltr'>potest</span> <span class='ocrx_word' id='word_1_101' title='bbox 1217 943 1418 997; x_wconf 85' lang='lat' dir='ltr'>refragari</span> <span class='ocrx_word' id='word_1_102' title='bbox 1441 958 1523 984; x_wconf 90' lang='lat' dir='ltr'>non</span> <span class='ocrx_word' id='word_1_103' title='bbox 1545 945 1670 986; x_wconf 89' lang='lat' dir='ltr'>modo</span> 
     </span>
     <span class='ocr_line' id='line_1_13' title="bbox 63 1004 1669 1064; baseline 0.004 -21"><span class='ocrx_word' id='word_1_104' title='bbox 63 1017 148 1044; x_wconf 91' lang='lat' dir='ltr'>non</span> <span class='ocrx_word' id='word_1_105' title='bbox 178 1004 353 1058; x_wconf 89' lang='lat' dir='ltr'>petenti,</span> <span class='ocrx_word' id='word_1_106' title='bbox 377 1019 520 1044; x_wconf 84' lang='lat' dir='ltr'>verum</span> <span class='ocrx_word' id='word_1_107' title='bbox 552 1005 680 1045; x_wconf 89' lang='lat' dir='ltr'>etiam</span> <span class='ocrx_word' id='word_1_108' title='bbox 711 1006 952 1047; x_wconf 65' lang='lat' dir='ltr'>recusanti?</span> <span class='ocrx_word' id='word_1_109' title='bbox 1015 1006 1092 1047; x_wconf 90' lang='lat' dir='ltr'>Illa</span> <span class='ocrx_word' id='word_1_110' title='bbox 1114 1022 1226 1055; x_wconf 83' lang='lat' dir='ltr'>vero,</span> <span class='ocrx_word' id='word_1_111' title='bbox 1253 1013 1396 1062; x_wconf 86' lang='lat' dir='ltr'>patres</span> <span class='ocrx_word' id='word_1_112' title='bbox 1428 1009 1669 1064; x_wconf 83' lang='lat' dir='ltr'>conscripti,</span> 
     </span>
     <span class='ocr_line' id='line_1_14' title="bbox 61 1069 1666 1127; baseline 0.005 -19"><span class='ocrx_word' id='word_1_113' title='bbox 61 1069 196 1110; x_wconf 86' lang='lat' dir='ltr'>aliena</span> <span class='ocrx_word' id='word_1_114' title='bbox 217 1070 431 1111; x_wconf 90' lang='lat' dir='ltr'>consulum</span> <span class='ocrx_word' id='word_1_115' title='bbox 453 1070 670 1124; x_wconf 78' lang='lat' dir='ltr'>dignitate,</span> <span class='ocrx_word' id='word_1_116' title='bbox 694 1071 829 1112; x_wconf 87' lang='lat' dir='ltr'>aliena</span> <span class='ocrx_word' id='word_1_117' title='bbox 850 1077 1089 1127; x_wconf 86' lang='lat' dir='ltr'>temporum</span> <span class='ocrx_word' id='word_1_118' title='bbox 1109 1073 1320 1127; x_wconf 87' lang='lat' dir='ltr'>gravitate</span> <span class='ocrx_word' id='word_1_119' title='bbox 1349 1074 1562 1115; x_wconf 88' lang='lat' dir='ltr'>sententia</span> <span class='ocrx_word' id='word_1_120' title='bbox 1590 1081 1666 1126; x_wconf 87' lang='lat' dir='ltr'>est,</span> 
     </span>
     <span class='ocr_line' id='line_1_15' title="bbox 62 1135 1669 1194; baseline 0.003 -19"><span class='ocrx_word' id='word_1_121' title='bbox 62 1139 111 1175; x_wconf 87' lang='lat' dir='ltr'>ut</span> <span class='ocrx_word' id='word_1_122' title='bbox 141 1135 331 1176; x_wconf 87' lang='lat' dir='ltr'>consules</span> <span class='ocrx_word' id='word_1_123' title='bbox 363 1135 606 1176; x_wconf 83' lang='lat' dir='ltr'>Dolabellae</span> <span class='ocrx_word' id='word_1_124' title='bbox 643 1137 920 1191; x_wconf 88' lang='lat' dir='ltr'>persequendi</span> <span class='ocrx_word' id='word_1_125' title='bbox 951 1152 1101 1178; x_wconf 84' lang='lat' dir='ltr'>caussa</span> <span class='ocrx_word' id='word_1_126' title='bbox 1133 1138 1281 1178; x_wconf 87' lang='lat' dir='ltr'>Asiam</span> <span class='ocrx_word' id='word_1_127' title='bbox 1310 1143 1353 1179; x_wconf 88' lang='lat' dir='ltr'>et</span> <span class='ocrx_word' id='word_1_128' title='bbox 1377 1138 1543 1194; x_wconf 83' lang='lat' dir='ltr'>Syriam</span> <span class='ocrx_word' id='word_1_129' title='bbox 1579 1154 1669 1180; x_wconf 83' lang='lat' dir='ltr'>sor-</span> 
     </span>
     <span class='ocr_line' id='line_1_16' title="bbox 62 1198 1668 1258; baseline 0.003 -18"><span class='ocrx_word' id='word_1_130' title='bbox 62 1199 236 1243; x_wconf 82' lang='lat' dir='ltr'>tiantur.</span> <span class='ocrx_word' id='word_1_131' title='bbox 298 1198 451 1240; x_wconf 84' lang='lat' dir='ltr'>Dicam</span> <span class='ocrx_word' id='word_1_132' title='bbox 471 1214 544 1240; x_wconf 90' lang='lat' dir='ltr'>cur</span> <span class='ocrx_word' id='word_1_133' title='bbox 564 1199 709 1241; x_wconf 88' lang='lat' dir='ltr'>inutile</span> <span class='ocrx_word' id='word_1_134' title='bbox 731 1201 790 1241; x_wconf 92' lang='lat' dir='ltr'>rei</span> <span class='ocrx_word' id='word_1_135' title='bbox 811 1201 1011 1255; x_wconf 85' lang='lat' dir='ltr'>publicae,</span> <span class='ocrx_word' id='word_1_136' title='bbox 1035 1202 1108 1242; x_wconf 87' lang='lat' dir='ltr'>sed</span> <span class='ocrx_word' id='word_1_137' title='bbox 1130 1202 1245 1257; x_wconf 88' lang='lat' dir='ltr'>prius</span> <span class='ocrx_word' id='word_1_138' title='bbox 1268 1217 1392 1257; x_wconf 88' lang='lat' dir='ltr'>quam</span> <span class='ocrx_word' id='word_1_139' title='bbox 1414 1209 1536 1258; x_wconf 85' lang='lat' dir='ltr'>turpe</span> <span class='ocrx_word' id='word_1_140' title='bbox 1569 1219 1668 1245; x_wconf 90' lang='lat' dir='ltr'>con-</span> 
     </span>
     <span class='ocr_line' id='line_1_17' title="bbox 61 1264 1668 1323; baseline 0.002 -18"><span class='ocrx_word' id='word_1_141' title='bbox 61 1264 221 1305; x_wconf 86' lang='lat' dir='ltr'>sulibus</span> <span class='ocrx_word' id='word_1_142' title='bbox 257 1265 313 1306; x_wconf 87' lang='lat' dir='ltr'>sit</span> <span class='ocrx_word' id='word_1_143' title='bbox 340 1265 489 1305; x_wconf 86' lang='lat' dir='ltr'>videte.</span> <span class='ocrx_word' id='word_1_144' title='bbox 554 1265 692 1317; x_wconf 77' lang='lat' dir='ltr'>Quum</span> <span class='ocrx_word' id='word_1_145' title='bbox 727 1266 870 1306; x_wconf 92' lang='lat' dir='ltr'>consul</span> <span class='ocrx_word' id='word_1_146' title='bbox 907 1267 1152 1322; x_wconf 85' lang='lat' dir='ltr'>designatus</span> <span class='ocrx_word' id='word_1_147' title='bbox 1185 1268 1438 1317; x_wconf 83' lang='lat' dir='ltr'>obsideatur,</span> <span class='ocrx_word' id='word_1_148' title='bbox 1471 1284 1594 1323; x_wconf 88' lang='lat' dir='ltr'>quum</span> <span class='ocrx_word' id='word_1_149' title='bbox 1625 1270 1668 1310; x_wconf 91' lang='lat' dir='ltr'>in</span> 
     </span>
     <span class='ocr_line' id='line_1_18' title="bbox 60 1329 1666 1388; baseline 0.003 -18"><span class='ocrx_word' id='word_1_150' title='bbox 60 1345 108 1371; x_wconf 90' lang='lat' dir='ltr'>eo</span> <span class='ocrx_word' id='word_1_151' title='bbox 130 1330 343 1371; x_wconf 88' lang='lat' dir='ltr'>liberando</span> <span class='ocrx_word' id='word_1_152' title='bbox 375 1330 487 1370; x_wconf 87' lang='lat' dir='ltr'>salus</span> <span class='ocrx_word' id='word_1_153' title='bbox 515 1329 571 1370; x_wconf 89' lang='lat' dir='ltr'>sit</span> <span class='ocrx_word' id='word_1_154' title='bbox 603 1330 741 1384; x_wconf 89' lang='lat' dir='ltr'>posita</span> <span class='ocrx_word' id='word_1_155' title='bbox 770 1330 829 1370; x_wconf 89' lang='lat' dir='ltr'>rei</span> <span class='ocrx_word' id='word_1_156' title='bbox 861 1331 1065 1386; x_wconf 90' lang='lat' dir='ltr'>publicae,</span> <span class='ocrx_word' id='word_1_157' title='bbox 1091 1347 1219 1386; x_wconf 89' lang='lat' dir='ltr'>quum</span> <span class='ocrx_word' id='word_1_158' title='bbox 1241 1347 1266 1372; x_wconf 91' lang='lat' dir='ltr'>a</span> <span class='ocrx_word' id='word_1_159' title='bbox 1288 1333 1442 1388; x_wconf 93' lang='lat' dir='ltr'>populo</span> <span class='ocrx_word' id='word_1_160' title='bbox 1475 1333 1666 1376; x_wconf 86' lang='lat' dir='ltr'>Romano</span> 
     </span>
     <span class='ocr_line' id='line_1_19' title="bbox 59 1395 1664 1453; baseline 0.002 -18"><span class='ocrx_word' id='word_1_161' title='bbox 59 1395 245 1450; x_wconf 82' lang='lat' dir='ltr'>pestiferi</span> <span class='ocrx_word' id='word_1_162' title='bbox 279 1395 390 1436; x_wconf 88' lang='lat' dir='ltr'>cives</span> <span class='ocrx_word' id='word_1_163' title='bbox 422 1395 739 1450; x_wconf 84' lang='lat' dir='ltr'>parricidaeque</span> <span class='ocrx_word' id='word_1_164' title='bbox 771 1396 1034 1446; x_wconf 85' lang='lat' dir='ltr'>desciverint,</span> <span class='ocrx_word' id='word_1_165' title='bbox 1069 1412 1277 1452; x_wconf 86' lang='lat' dir='ltr'>quumque</span> <span class='ocrx_word' id='word_1_166' title='bbox 1298 1398 1340 1438; x_wconf 89' lang='lat' dir='ltr'>id</span> <span class='ocrx_word' id='word_1_167' title='bbox 1362 1398 1515 1438; x_wconf 88' lang='lat' dir='ltr'>bellum</span> <span class='ocrx_word' id='word_1_168' title='bbox 1546 1414 1664 1453; x_wconf 82' lang='lat' dir='ltr'>gera-</span> 
     </span>
     <span class='ocr_line' id='line_1_20' title="bbox 58 1460 1664 1517; baseline 0.003 -17"><span class='ocrx_word' id='word_1_169' title='bbox 58 1475 163 1511; x_wconf 87' lang='lat' dir='ltr'>mus,</span> <span class='ocrx_word' id='word_1_170' title='bbox 183 1475 264 1516; x_wconf 90' lang='lat' dir='ltr'>quo</span> <span class='ocrx_word' id='word_1_171' title='bbox 287 1461 392 1501; x_wconf 89' lang='lat' dir='ltr'>bello</span> <span class='ocrx_word' id='word_1_172' title='bbox 414 1461 464 1500; x_wconf 90' lang='lat' dir='ltr'>de</span> <span class='ocrx_word' id='word_1_173' title='bbox 487 1460 707 1515; x_wconf 85' lang='lat' dir='ltr'>dignitate,</span> <span class='ocrx_word' id='word_1_174' title='bbox 729 1461 779 1501; x_wconf 91' lang='lat' dir='ltr'>de</span> <span class='ocrx_word' id='word_1_175' title='bbox 801 1461 1008 1510; x_wconf 88' lang='lat' dir='ltr'>libertate,</span> <span class='ocrx_word' id='word_1_176' title='bbox 1030 1462 1080 1502; x_wconf 91' lang='lat' dir='ltr'>de</span> <span class='ocrx_word' id='word_1_177' title='bbox 1101 1462 1187 1503; x_wconf 78' lang='lat' dir='ltr'>vita</span> <span class='ocrx_word' id='word_1_178' title='bbox 1205 1462 1488 1514; x_wconf 85' lang='lat' dir='ltr'>decernamus,</span> <span class='ocrx_word' id='word_1_179' title='bbox 1513 1464 1610 1517; x_wconf 85' lang='lat' dir='ltr'>[et,]</span> <span class='ocrx_word' id='word_1_180' title='bbox 1629 1465 1664 1506; x_wconf 92' lang='lat' dir='ltr'>si</span> 
     </span>
     <span class='ocr_line' id='line_1_21' title="bbox 57 1525 1662 1585; baseline 0.002 -19"><span class='ocrx_word' id='word_1_181' title='bbox 57 1526 99 1566; x_wconf 92' lang='lat' dir='ltr'>in</span> <span class='ocrx_word' id='word_1_182' title='bbox 121 1531 377 1581; x_wconf 89' lang='lat' dir='ltr'>potestatem</span> <span class='ocrx_word' id='word_1_183' title='bbox 411 1525 502 1580; x_wconf 89' lang='lat' dir='ltr'>quis</span> <span class='ocrx_word' id='word_1_184' title='bbox 526 1525 704 1566; x_wconf 85' lang='lat' dir='ltr'>Antonii</span> <span class='ocrx_word' id='word_1_185' title='bbox 737 1525 906 1576; x_wconf 89' lang='lat' dir='ltr'>venerit,</span> <span class='ocrx_word' id='word_1_186' title='bbox 940 1527 1158 1581; x_wconf 87' lang='lat' dir='ltr'>proposita</span> <span class='ocrx_word' id='word_1_187' title='bbox 1179 1527 1264 1568; x_wconf 92' lang='lat' dir='ltr'>sint</span> <span class='ocrx_word' id='word_1_188' title='bbox 1295 1533 1507 1570; x_wconf 88' lang='lat' dir='ltr'>tormenta</span> <span class='ocrx_word' id='word_1_189' title='bbox 1534 1535 1662 1585; x_wconf 89' lang='lat' dir='ltr'>atque</span> 
     </span>
     <span class='ocr_line' id='line_1_22' title="bbox 57 1591 1662 1645; baseline 0.002 -13"><span class='ocrx_word' id='word_1_190' title='bbox 57 1592 281 1642; x_wconf 86' lang='lat' dir='ltr'>cruciatus,</span> <span class='ocrx_word' id='word_1_191' title='bbox 317 1605 524 1645; x_wconf 90' lang='lat' dir='ltr'>quumque</span> <span class='ocrx_word' id='word_1_192' title='bbox 560 1591 709 1630; x_wconf 90' lang='lat' dir='ltr'>harum</span> <span class='ocrx_word' id='word_1_193' title='bbox 744 1606 882 1631; x_wconf 90' lang='lat' dir='ltr'>rerum</span> <span class='ocrx_word' id='word_1_194' title='bbox 920 1591 1104 1632; x_wconf 82' lang='lat' dir='ltr'>oninium</span> <span class='ocrx_word' id='word_1_195' title='bbox 1146 1592 1378 1634; x_wconf 85' lang='lat' dir='ltr'>decertatio</span> <span class='ocrx_word' id='word_1_196' title='bbox 1420 1594 1662 1636; x_wconf 88' lang='lat' dir='ltr'>consulibus</span> 
     </span>
     <span class='ocr_line' id='line_1_23' title="bbox 55 1655 1661 1712; baseline 0.002 -16"><span class='ocrx_word' id='word_1_197' title='bbox 55 1656 225 1711; x_wconf 89' lang='lat' dir='ltr'>optimis</span> <span class='ocrx_word' id='word_1_198' title='bbox 246 1661 288 1696; x_wconf 89' lang='lat' dir='ltr'>et</span> <span class='ocrx_word' id='word_1_199' title='bbox 309 1655 548 1696; x_wconf 85' lang='lat' dir='ltr'>fort-issimis</span> <span class='ocrx_word' id='word_1_200' title='bbox 581 1655 802 1696; x_wconf 87' lang='lat' dir='ltr'>commissa</span> <span class='ocrx_word' id='word_1_201' title='bbox 823 1661 864 1696; x_wconf 89' lang='lat' dir='ltr'>et</span> <span class='ocrx_word' id='word_1_202' title='bbox 887 1656 1179 1697; x_wconf 85' lang='lat' dir='ltr'>commendata</span> <span class='ocrx_word' id='word_1_203' title='bbox 1201 1656 1268 1706; x_wconf 87' lang='lat' dir='ltr'>sit,</span> <span class='ocrx_word' id='word_1_204' title='bbox 1296 1657 1425 1698; x_wconf 77' lang='lat' dir='ltr'>Asiae</span> <span class='ocrx_word' id='word_1_205' title='bbox 1447 1663 1490 1698; x_wconf 87' lang='lat' dir='ltr'>et</span> <span class='ocrx_word' id='word_1_206' title='bbox 1515 1658 1661 1712; x_wconf 73' lang='lat' dir='ltr'>Syriae</span> 
     </span>
     <span class='ocr_line' id='line_1_24' title="bbox 54 1719 1660 1774; baseline 0.002 -13"><span class='ocrx_word' id='word_1_207' title='bbox 54 1721 210 1762; x_wconf 89' lang='lat' dir='ltr'>mentio</span> <span class='ocrx_word' id='word_1_208' title='bbox 231 1721 317 1770; x_wconf 91' lang='lat' dir='ltr'>fiet,</span> <span class='ocrx_word' id='word_1_209' title='bbox 341 1726 390 1762; x_wconf 88' lang='lat' dir='ltr'>ut</span> <span class='ocrx_word' id='word_1_210' title='bbox 410 1724 486 1761; x_wconf 85' lang='lat' dir='ltr'>aut</span> <span class='ocrx_word' id='word_1_211' title='bbox 513 1719 738 1774; x_wconf 88' lang='lat' dir='ltr'>suspicioni</span> <span class='ocrx_word' id='word_1_212' title='bbox 767 1719 922 1760; x_wconf 88' lang='lat' dir='ltr'>crimen</span> <span class='ocrx_word' id='word_1_213' title='bbox 950 1727 1025 1762; x_wconf 91' lang='lat' dir='ltr'>aut</span> <span class='ocrx_word' id='word_1_214' title='bbox 1046 1720 1222 1761; x_wconf 87' lang='lat' dir='ltr'>invidiae</span> <span class='ocrx_word' id='word_1_215' title='bbox 1251 1722 1472 1763; x_wconf 82' lang='lat' dir='ltr'>materiam</span> <span class='ocrx_word' id='word_1_216' title='bbox 1495 1723 1660 1764; x_wconf 86' lang='lat' dir='ltr'>dedisse</span> 
     </span>
     <span class='ocr_line' id='line_1_25' title="bbox 52 1785 1659 1836; baseline 0.001 -9"><span class='ocrx_word' id='word_1_217' title='bbox 52 1786 290 1827; x_wconf 68' lang='lat' dir='ltr'>videamur?</span> <span class='ocrx_word' id='word_1_218' title='bbox 352 1785 415 1827; x_wconf 87' lang='lat' dir='ltr'>At</span> <span class='ocrx_word' id='word_1_219' title='bbox 446 1799 544 1826; x_wconf 90' lang='lat' dir='ltr'>vero</span> <span class='ocrx_word' id='word_1_220' title='bbox 572 1785 632 1825; x_wconf 86' lang='lat' dir='ltr'>ita</span> <span class='ocrx_word' id='word_1_221' title='bbox 665 1785 907 1835; x_wconf 89' lang='lat' dir='ltr'>decernunt,</span> <span class='ocrx_word' id='word_1_222' title='bbox 946 1789 1018 1827; x_wconf 90' lang='lat' dir='ltr'>‘ut</span> <span class='ocrx_word' id='word_1_223' title='bbox 1050 1785 1229 1827; x_wconf 89' lang='lat' dir='ltr'>liberato</span> <span class='ocrx_word' id='word_1_224' title='bbox 1263 1786 1427 1836; x_wconf 48' lang='lat' dir='ltr'>Brutos</span> <span class='ocrx_word' id='word_1_225' title='bbox 1473 1787 1515 1827; x_wconf 88' lang='lat' dir='ltr'>id</span> <span class='ocrx_word' id='word_1_226' title='bbox 1549 1789 1659 1829; x_wconf 90' lang='lat' dir='ltr'>enim</span> 
     </span>
     <span class='ocr_line' id='line_1_26' title="bbox 51 1850 1656 1906; baseline 0.001 -15"><span class='ocrx_word' id='word_1_227' title='bbox 51 1852 255 1901; x_wconf 85' lang='lat' dir='ltr'>restabat,</span> <span class='ocrx_word' id='word_1_228' title='bbox 279 1856 328 1893; x_wconf 93' lang='lat' dir='ltr'>ut</span> <span class='ocrx_word' id='word_1_229' title='bbox 348 1851 509 1899; x_wconf 87' lang='lat' dir='ltr'>relicto,</span> <span class='ocrx_word' id='word_1_230' title='bbox 532 1850 715 1900; x_wconf 88' lang='lat' dir='ltr'>deserto,</span> <span class='ocrx_word' id='word_1_231' title='bbox 739 1850 922 1905; x_wconf 89' lang='lat' dir='ltr'>prodito.</span> <span class='ocrx_word' id='word_1_232' title='bbox 976 1850 1070 1906; x_wconf 86' lang='lat' dir='ltr'>Ego</span> <span class='ocrx_word' id='word_1_233' title='bbox 1092 1865 1189 1891; x_wconf 91' lang='lat' dir='ltr'>vero</span> <span class='ocrx_word' id='word_1_234' title='bbox 1211 1852 1466 1892; x_wconf 89' lang='lat' dir='ltr'>mentionem</span> <span class='ocrx_word' id='word_1_235' title='bbox 1488 1853 1656 1894; x_wconf 87' lang='lat' dir='ltr'>omnino</span> 
     </span>
     <span class='ocr_line' id='line_1_27' title="bbox 51 1914 1658 1971; baseline 0.001 -15"><span class='ocrx_word' id='word_1_236' title='bbox 51 1915 358 1970; x_wconf 86' lang='lat' dir='ltr'>provinciarum</span> <span class='ocrx_word' id='word_1_237' title='bbox 403 1916 557 1956; x_wconf 85' lang='lat' dir='ltr'>factam</span> <span class='ocrx_word' id='word_1_238' title='bbox 599 1915 692 1956; x_wconf 89' lang='lat' dir='ltr'>dico</span> <span class='ocrx_word' id='word_1_239' title='bbox 736 1914 988 1957; x_wconf 84' lang='lat' dir='ltr'>alienissimo</span> <span class='ocrx_word' id='word_1_240' title='bbox 1023 1924 1226 1971; x_wconf 88' lang='lat' dir='ltr'>tempore.</span> <span class='ocrx_word' id='word_1_241' title='bbox 1307 1917 1507 1969; x_wconf 81' lang='lat' dir='ltr'>Quamvis</span> <span class='ocrx_word' id='word_1_242' title='bbox 1547 1918 1658 1959; x_wconf 77' lang='lat' dir='ltr'>enim</span> 
     </span>
     <span class='ocr_line' id='line_1_28' title="bbox 51 1979 1658 2030; baseline 0.002 -9"><span class='ocrx_word' id='word_1_243' title='bbox 51 1981 240 2022; x_wconf 86' lang='lat' dir='ltr'>intentus</span> <span class='ocrx_word' id='word_1_244' title='bbox 261 1980 423 2020; x_wconf 90' lang='lat' dir='ltr'>animus</span> <span class='ocrx_word' id='word_1_245' title='bbox 443 1984 542 2020; x_wconf 91' lang='lat' dir='ltr'>tuus</span> <span class='ocrx_word' id='word_1_246' title='bbox 564 1980 632 2029; x_wconf 86' lang='lat' dir='ltr'>sit,</span> <span class='ocrx_word' id='word_1_247' title='bbox 657 1979 704 2020; x_wconf 80' lang='lat' dir='ltr'>C.</span> <span class='ocrx_word' id='word_1_248' title='bbox 729 1980 882 2030; x_wconf 85' lang='lat' dir='ltr'>Pansa,</span> <span class='ocrx_word' id='word_1_249' title='bbox 907 1980 1019 2021; x_wconf 89' lang='lat' dir='ltr'>sicut</span> <span class='ocrx_word' id='word_1_250' title='bbox 1040 1986 1119 2028; x_wconf 88' lang='lat' dir='ltr'>est,</span> <span class='ocrx_word' id='word_1_251' title='bbox 1142 1981 1195 2021; x_wconf 89' lang='lat' dir='ltr'>ad</span> <span class='ocrx_word' id='word_1_252' title='bbox 1217 1981 1348 2022; x_wconf 88' lang='lat' dir='ltr'>virum</span> <span class='ocrx_word' id='word_1_253' title='bbox 1382 1982 1658 2024; x_wconf 85' lang='lat' dir='ltr'>fortissimum</span> 
     </span>
     <span class='ocr_line' id='line_1_29' title="bbox 51 2044 1655 2103; baseline 0.002 -16"><span class='ocrx_word' id='word_1_254' title='bbox 51 2050 96 2087; x_wconf 87' lang='lat' dir='ltr'>et</span> <span class='ocrx_word' id='word_1_255' title='bbox 117 2045 300 2086; x_wconf 91' lang='lat' dir='ltr'>omnium</span> <span class='ocrx_word' id='word_1_256' title='bbox 336 2044 608 2085; x_wconf 88' lang='lat' dir='ltr'>clarissimum</span> <span class='ocrx_word' id='word_1_257' title='bbox 631 2044 907 2094; x_wconf 87' lang='lat' dir='ltr'>liberandum,</span> <span class='ocrx_word' id='word_1_258' title='bbox 929 2049 1070 2085; x_wconf 87' lang='lat' dir='ltr'>tamen</span> <span class='ocrx_word' id='word_1_259' title='bbox 1106 2060 1245 2085; x_wconf 85' lang='lat' dir='ltr'>rerum</span> <span class='ocrx_word' id='word_1_260' title='bbox 1280 2051 1432 2087; x_wconf 88' lang='lat' dir='ltr'>natura</span> <span class='ocrx_word' id='word_1_261' title='bbox 1466 2054 1590 2103; x_wconf 84' lang='lat' dir='ltr'>coget</span> <span class='ocrx_word' id='word_1_262' title='bbox 1612 2054 1655 2090; x_wconf 83' lang='lat' dir='ltr'>te</span> 
     </span>
     <span class='ocr_line' id='line_1_30' title="bbox 50 2108 1652 2165; baseline 0.001 -14"><span class='ocrx_word' id='word_1_263' title='bbox 50 2110 285 2152; x_wconf 85' lang='lat' dir='ltr'>necessario</span> <span class='ocrx_word' id='word_1_264' title='bbox 316 2110 468 2150; x_wconf 89' lang='lat' dir='ltr'>referre</span> <span class='ocrx_word' id='word_1_265' title='bbox 499 2109 681 2148; x_wconf 86' lang='lat' dir='ltr'>animum</span> <span class='ocrx_word' id='word_1_266' title='bbox 712 2108 936 2163; x_wconf 87' lang='lat' dir='ltr'>aliquando</span> <span class='ocrx_word' id='word_1_267' title='bbox 957 2109 1010 2149; x_wconf 88' lang='lat' dir='ltr'>ad</span> <span class='ocrx_word' id='word_1_268' title='bbox 1034 2109 1295 2150; x_wconf 85' lang='lat' dir='ltr'>Dolabellam</span> <span class='ocrx_word' id='word_1_269' title='bbox 1317 2113 1652 2165; x_wconf 86' lang='lat' dir='ltr'>persequendum</span> 
     </span>
     <span class='ocr_line' id='line_1_31' title="bbox 50 2173 1652 2230; baseline 0.001 -14"><span class='ocrx_word' id='word_1_270' title='bbox 50 2180 94 2217; x_wconf 90' lang='lat' dir='ltr'>et</span> <span class='ocrx_word' id='word_1_271' title='bbox 125 2180 287 2230; x_wconf 86' lang='lat' dir='ltr'>partem</span> <span class='ocrx_word' id='word_1_272' title='bbox 318 2174 499 2229; x_wconf 86' lang='lat' dir='ltr'>aliquam</span> <span class='ocrx_word' id='word_1_273' title='bbox 521 2173 562 2213; x_wconf 86' lang='lat' dir='ltr'>in</span> <span class='ocrx_word' id='word_1_274' title='bbox 586 2173 732 2213; x_wconf 81' lang='lat' dir='ltr'>Asiam</span> <span class='ocrx_word' id='word_1_275' title='bbox 767 2179 811 2214; x_wconf 86' lang='lat' dir='ltr'>et</span> <span class='ocrx_word' id='word_1_276' title='bbox 844 2173 1007 2227; x_wconf 83' lang='lat' dir='ltr'>Syriam</span> <span class='ocrx_word' id='word_1_277' title='bbox 1043 2174 1230 2215; x_wconf 84' lang='lat' dir='ltr'>derivare</span> <span class='ocrx_word' id='word_1_278' title='bbox 1266 2189 1390 2215; x_wconf 87' lang='lat' dir='ltr'>curae</span> <span class='ocrx_word' id='word_1_279' title='bbox 1420 2181 1463 2216; x_wconf 88' lang='lat' dir='ltr'>et</span> <span class='ocrx_word' id='word_1_280' title='bbox 1489 2176 1652 2230; x_wconf 79' lang='lat' dir='ltr'>cogita-</span> 
     </span>
     <span class='ocr_line' id='line_1_32' title="bbox 49 2237 1650 2293; baseline 0 -12"><span class='ocrx_word' id='word_1_281' title='bbox 49 2240 175 2282; x_wconf 87' lang='lat' dir='ltr'>tionis</span> <span class='ocrx_word' id='word_1_282' title='bbox 196 2245 307 2281; x_wconf 87' lang='lat' dir='ltr'>tuae.</span> <span class='ocrx_word' id='word_1_283' title='bbox 370 2239 414 2279; x_wconf 85' lang='lat' dir='ltr'>Si</span> <span class='ocrx_word' id='word_1_284' title='bbox 449 2243 593 2279; x_wconf 88' lang='lat' dir='ltr'>autem</span> <span class='ocrx_word' id='word_1_285' title='bbox 626 2237 712 2277; x_wconf 84' lang='lat' dir='ltr'>fieri</span> <span class='ocrx_word' id='word_1_286' title='bbox 749 2242 902 2292; x_wconf 84' lang='lat' dir='ltr'>posset,</span> <span class='ocrx_word' id='word_1_287' title='bbox 942 2239 1003 2278; x_wconf 85' lang='lat' dir='ltr'>vel</span> <span class='ocrx_word' id='word_1_288' title='bbox 1041 2239 1179 2293; x_wconf 88' lang='lat' dir='ltr'>plures</span> <span class='ocrx_word' id='word_1_289' title='bbox 1215 2244 1259 2279; x_wconf 89' lang='lat' dir='ltr'>te</span> <span class='ocrx_word' id='word_1_290' title='bbox 1293 2238 1454 2280; x_wconf 85' lang='lat' dir='ltr'>animos</span> <span class='ocrx_word' id='word_1_291' title='bbox 1495 2239 1650 2281; x_wconf 80' lang='lat' dir='ltr'>habere</span> 
     </span>
     <span class='ocr_line' id='line_1_33' title="bbox 48 2301 1651 2359; baseline -0.001 -12"><span class='ocrx_word' id='word_1_292' title='bbox 48 2305 195 2347; x_wconf 91' lang='lat' dir='ltr'>vellem</span> <span class='ocrx_word' id='word_1_293' title='bbox 227 2319 331 2359; x_wconf 90' lang='lat' dir='ltr'>quos</span> <span class='ocrx_word' id='word_1_294' title='bbox 363 2318 506 2344; x_wconf 88' lang='lat' dir='ltr'>omnes</span> <span class='ocrx_word' id='word_1_295' title='bbox 533 2303 586 2343; x_wconf 87' lang='lat' dir='ltr'>ad</span> <span class='ocrx_word' id='word_1_296' title='bbox 617 2301 829 2343; x_wconf 83' lang='lat' dir='ltr'>Mutinam</span> <span class='ocrx_word' id='word_1_297' title='bbox 860 2302 1111 2343; x_wconf 84' lang='lat' dir='ltr'>intenderes.</span> <span class='ocrx_word' id='word_1_298' title='bbox 1175 2302 1298 2354; x_wconf 79' lang='lat' dir='ltr'>Quod</span> <span class='ocrx_word' id='word_1_299' title='bbox 1332 2303 1527 2358; x_wconf 88' lang='lat' dir='ltr'>quoniam</span> <span class='ocrx_word' id='word_1_300' title='bbox 1561 2304 1651 2345; x_wconf 90' lang='lat' dir='ltr'>fieri</span> 
     </span>
     <span class='ocr_line' id='line_1_34' title="bbox 48 2367 1649 2426; baseline -0.002 -14"><span class='ocrx_word' id='word_1_301' title='bbox 48 2386 130 2412; x_wconf 93' lang='lat' dir='ltr'>non</span> <span class='ocrx_word' id='word_1_302' title='bbox 151 2375 304 2426; x_wconf 89' lang='lat' dir='ltr'>potest,</span> <span class='ocrx_word' id='word_1_303' title='bbox 327 2370 434 2410; x_wconf 89' lang='lat' dir='ltr'>istoc</span> <span class='ocrx_word' id='word_1_304' title='bbox 455 2368 604 2416; x_wconf 88' lang='lat' dir='ltr'>animo,</span> <span class='ocrx_word' id='word_1_305' title='bbox 629 2382 752 2422; x_wconf 89' lang='lat' dir='ltr'>quem</span> <span class='ocrx_word' id='word_1_306' title='bbox 782 2367 909 2407; x_wconf 89' lang='lat' dir='ltr'>habes</span> <span class='ocrx_word' id='word_1_307' title='bbox 940 2367 1349 2421; x_wconf 81' lang='lat' dir='ltr'>praestantissimum</span> <span class='ocrx_word' id='word_1_308' title='bbox 1383 2375 1509 2424; x_wconf 84' lang='lat' dir='ltr'>atque</span> <span class='ocrx_word' id='word_1_309' title='bbox 1542 2370 1649 2424; x_wconf 85' lang='lat' dir='ltr'>opti-</span> 
     </span>
     <span class='ocr_line' id='line_1_35' title="bbox 48 2431 1645 2490; baseline -0.001 -13"><span class='ocrx_word' id='word_1_310' title='bbox 48 2451 172 2485; x_wconf 88' lang='lat' dir='ltr'>mum,</span> <span class='ocrx_word' id='word_1_311' title='bbox 195 2435 292 2475; x_wconf 90' lang='lat' dir='ltr'>nihil</span> <span class='ocrx_word' id='word_1_312' title='bbox 316 2439 359 2475; x_wconf 91' lang='lat' dir='ltr'>te</span> <span class='ocrx_word' id='word_1_313' title='bbox 379 2434 567 2475; x_wconf 87' lang='lat' dir='ltr'>volumus</span> <span class='ocrx_word' id='word_1_314' title='bbox 589 2432 665 2472; x_wconf 89' lang='lat' dir='ltr'>nisi</span> <span class='ocrx_word' id='word_1_315' title='bbox 694 2432 745 2472; x_wconf 91' lang='lat' dir='ltr'>de</span> <span class='ocrx_word' id='word_1_316' title='bbox 769 2431 903 2473; x_wconf 87' lang='lat' dir='ltr'>Bruto</span> <span class='ocrx_word' id='word_1_317' title='bbox 923 2432 1123 2486; x_wconf 80' lang='lat' dir='ltr'>cogitare.</span> <span class='ocrx_word' id='word_1_318' title='bbox 1187 2433 1312 2475; x_wconf 83' lang='lat' dir='ltr'>Facis</span> <span class='ocrx_word' id='word_1_319' title='bbox 1334 2438 1379 2475; x_wconf 86' lang='lat' dir='ltr'>tu</span> <span class='ocrx_word' id='word_1_320' title='bbox 1402 2434 1443 2475; x_wconf 90' lang='lat' dir='ltr'>id</span> <span class='ocrx_word' id='word_1_321' title='bbox 1465 2434 1645 2490; x_wconf 88' lang='lat' dir='ltr'>quidem,</span> 
     </span>
    </p>
   </div>
   <div class='ocr_carea' id='block_1_3' title="bbox 47 2521 1647 2607">
    <p class='ocr_par' dir='ltr' id='par_1_4' title="bbox 47 2521 1647 2607">
     <span class='ocr_line' id='line_1_36' title="bbox 91 2521 994 2563; baseline -0.004 -8"><span class='ocrx_word' id='word_1_322' title='bbox 91 2527 122 2555; x_wconf 82' lang='lat'>9.</span> <span class='ocrx_word' id='word_1_323' title='bbox 147 2523 326 2563; x_wconf 74' lang='lat' dir='ltr'>recusanti]</span> <span class='ocrx_word' id='word_1_324' title='bbox 378 2524 429 2553; x_wconf 88' lang='lat' dir='ltr'>He</span> <span class='ocrx_word' id='word_1_325' title='bbox 444 2533 553 2553; x_wconf 78' lang='lat' dir='ltr'>means</span> <span class='ocrx_word' id='word_1_326' title='bbox 571 2522 732 2558; x_wconf 78' lang='lat' dir='ltr'>Servilius,</span> <span class='ocrx_word' id='word_1_327' title='bbox 746 2521 825 2556; x_wconf 80' lang='lat' dir='ltr'>who,</span> <span class='ocrx_word' id='word_1_328' title='bbox 871 2521 994 2552; x_wconf 82' lang='lat' dir='ltr'>Bruto.&#39;</span> 
     </span>
     <span class='ocr_line' id='line_1_37' title="bbox 47 2564 1647 2607; baseline -0.001 -9"><span class='ocrx_word' id='word_1_329' title='bbox 47 2568 87 2598; x_wconf 84' lang='grc'>110</span> <span class='ocrx_word' id='word_1_330' title='bbox 103 2577 184 2607; x_wconf 84' lang='lat' dir='ltr'>says,</span> <span class='ocrx_word' id='word_1_331' title='bbox 201 2567 254 2596; x_wconf 89' lang='lat' dir='ltr'>did</span> <span class='ocrx_word' id='word_1_332' title='bbox 270 2571 326 2596; x_wconf 82' lang='lat' dir='ltr'>not</span> <span class='ocrx_word' id='word_1_333' title='bbox 340 2567 416 2596; x_wconf 79' lang='lat' dir='ltr'>wish</span> <span class='ocrx_word' id='word_1_334' title='bbox 444 2569 478 2595; x_wconf 88' lang='lat' dir='ltr'>to</span> <span class='ocrx_word' id='word_1_335' title='bbox 504 2566 581 2595; x_wconf 80' lang='lat' dir='ltr'>have</span> <span class='ocrx_word' id='word_1_336' title='bbox 603 2565 657 2594; x_wconf 87' lang='lat' dir='ltr'>the</span> <span class='ocrx_word' id='word_1_337' title='bbox 679 2564 825 2594; x_wconf 83' lang='lat' dir='ltr'>commis-</span> <span class='ocrx_word' id='word_1_338' title='bbox 915 2565 1076 2604; x_wconf 79' lang='lat' dir='ltr'>derivare]</span> <span class='ocrx_word' id='word_1_339' title='bbox 1104 2568 1111 2581; x_wconf 82' lang='lat'><em>⁴</em></span> <span class='ocrx_word' id='word_1_340' title='bbox 1125 2568 1158 2595; x_wconf 74' lang='lat' dir='ltr'>to</span> <span class='ocrx_word' id='word_1_341' title='bbox 1173 2565 1297 2600; x_wconf 80' lang='lat' dir='ltr'>divert.&#39;</span> <span class='ocrx_word' id='word_1_342' title='bbox 1321 2576 1340 2596; x_wconf 81' lang='lat' dir='ltr'>a</span> <span class='ocrx_word' id='word_1_343' title='bbox 1363 2567 1530 2606; x_wconf 80' lang='lat' dir='ltr'>metaplior</span> <span class='ocrx_word' id='word_1_344' title='bbox 1545 2567 1647 2597; x_wconf 71' lang='lat' dir='ltr'>which</span> 
     </span>
    </p>
   </div>
   <div class='ocr_carea' id='block_1_4' title="bbox 42 2607 1645 2950">
    <p class='ocr_par' dir='ltr' id='par_1_5' title="bbox 47 2607 1645 2690">
     <span class='ocr_line' id='line_1_38' title="bbox 47 2607 1645 2649; baseline -0.001 -9"><span class='ocrx_word' id='word_1_345' title='bbox 47 2611 126 2640; x_wconf 88' lang='lat' dir='ltr'>sion.</span> <span class='ocrx_word' id='word_1_346' title='bbox 176 2610 226 2639; x_wconf 86' lang='lat' dir='ltr'>He</span> <span class='ocrx_word' id='word_1_347' title='bbox 251 2619 320 2648; x_wconf 86' lang='lat' dir='ltr'>says</span> <span class='ocrx_word' id='word_1_348' title='bbox 349 2607 390 2648; x_wconf 86' lang='lat' dir='ltr'>(c.</span> <span class='ocrx_word' id='word_1_349' title='bbox 420 2608 454 2649; x_wconf 82' lang='lat'>8)</span> <span class='ocrx_word' id='word_1_350' title='bbox 489 2612 508 2625; x_wconf 90' lang='lat'>“</span> <span class='ocrx_word' id='word_1_351' title='bbox 524 2608 675 2638; x_wconf 77' lang='grc'><strong>1101101010</strong></span> <span class='ocrx_word' id='word_1_352' title='bbox 702 2607 822 2636; x_wconf 87' lang='grc'><strong>1101111111</strong></span> <span class='ocrx_word' id='word_1_353' title='bbox 867 2607 921 2637; x_wconf 80' lang='lat' dir='ltr'>the</span> <span class='ocrx_word' id='word_1_354' title='bbox 941 2607 1080 2637; x_wconf 76' lang='lat' dir='ltr'>Romans</span> <span class='ocrx_word' id='word_1_355' title='bbox 1101 2608 1188 2638; x_wconf 85' lang='lat' dir='ltr'>osten</span> <span class='ocrx_word' id='word_1_356' title='bbox 1212 2609 1298 2638; x_wconf 77' lang='lat' dir='ltr'>used.</span> <span class='ocrx_word' id='word_1_357' title='bbox 1348 2609 1378 2639; x_wconf 86' lang='lat' dir='ltr'>It</span> <span class='ocrx_word' id='word_1_358' title='bbox 1398 2610 1422 2638; x_wconf 75' lang='lat' dir='ltr'>is</span> <span class='ocrx_word' id='word_1_359' title='bbox 1446 2610 1540 2639; x_wconf 71' lang='lat' dir='ltr'>taken</span> <span class='ocrx_word' id='word_1_360' title='bbox 1566 2610 1645 2639; x_wconf 80' lang='lat' dir='ltr'>froin</span> 
     </span>
     <span class='ocr_line' id='line_1_39' title="bbox 47 2650 1644 2690; baseline -0.001 -7"><span class='ocrx_word' id='word_1_361' title='bbox 47 2653 238 2683; x_wconf 82' lang='lat' dir='ltr'>amicissimo</span> <span class='ocrx_word' id='word_1_362' title='bbox 255 2650 490 2690; x_wconf 79' lang='lat' dir='ltr'>denegavisse.”</span> <span class='ocrx_word' id='word_1_363' title='bbox 868 2650 922 2679; x_wconf 78' lang='lat' dir='ltr'>the</span> <span class='ocrx_word' id='word_1_364' title='bbox 946 2651 1080 2689; x_wconf 78' lang='lat' dir='ltr'>practice</span> <span class='ocrx_word' id='word_1_365' title='bbox 1103 2651 1138 2680; x_wconf 85' lang='lat' dir='ltr'>of</span> <span class='ocrx_word' id='word_1_366' title='bbox 1161 2651 1334 2689; x_wconf 76' lang='lat' dir='ltr'>irrigution,</span> <span class='ocrx_word' id='word_1_367' title='bbox 1357 2652 1405 2681; x_wconf 86' lang='lat' dir='ltr'>for</span> <span class='ocrx_word' id='word_1_368' title='bbox 1423 2657 1429 2669; x_wconf 80' lang='lat'>⁸</span> <span class='ocrx_word' id='word_1_369' title='bbox 1441 2653 1581 2682; x_wconf 72' lang='lat' dir='ltr'>derivare</span> <span class='ocrx_word' id='word_1_370' title='bbox 1594 2652 1600 2661; x_wconf 86' lang='grc'><em>’</em></span> <span class='ocrx_word' id='word_1_371' title='bbox 1618 2653 1644 2681; x_wconf 79' lang='lat' dir='ltr'>is</span> 
     </span>
    </p>

    <p class='ocr_par' dir='ltr' id='par_1_6' title="bbox 46 2692 1643 2776">
     <span class='ocr_line' id='line_1_40' title="bbox 89 2692 1643 2733; baseline -0.001 -7"><span class='ocrx_word' id='word_1_372' title='bbox 89 2696 200 2726; x_wconf 77' lang='lat' dir='ltr'>consul</span> <span class='ocrx_word' id='word_1_373' title='bbox 221 2694 419 2732; x_wconf 68' lang='lat' dir='ltr'>desiynatus]</span> <span class='ocrx_word' id='word_1_374' title='bbox 471 2693 510 2722; x_wconf 93' lang='lat' dir='ltr'>D.</span> <span class='ocrx_word' id='word_1_375' title='bbox 532 2693 658 2727; x_wconf 75' lang='lat' dir='ltr'>Brutus,</span> <span class='ocrx_word' id='word_1_376' title='bbox 676 2692 745 2722; x_wconf 81' lang='lat' dir='ltr'>who</span> <span class='ocrx_word' id='word_1_377' title='bbox 762 2702 824 2722; x_wconf 78' lang='lat' dir='ltr'>was</span> <span class='ocrx_word' id='word_1_378' title='bbox 869 2696 876 2709; x_wconf 90' lang='lat'>‘</span> <span class='ocrx_word' id='word_1_379' title='bbox 891 2696 924 2722; x_wconf 85' lang='lat' dir='ltr'>to</span> <span class='ocrx_word' id='word_1_380' title='bbox 948 2693 1031 2723; x_wconf 79' lang='lat' dir='ltr'>draw</span> <span class='ocrx_word' id='word_1_381' title='bbox 1055 2693 1101 2722; x_wconf 80' lang='lat' dir='ltr'>off</span> <span class='ocrx_word' id='word_1_382' title='bbox 1121 2693 1237 2723; x_wconf 78' lang='lat' dir='ltr'>water&#39;</span> <span class='ocrx_word' id='word_1_383' title='bbox 1256 2693 1297 2733; x_wconf 86' lang='lat' dir='ltr'>by</span> <span class='ocrx_word' id='word_1_384' title='bbox 1316 2695 1391 2724; x_wconf 81' lang='lat' dir='ltr'>‘rivi</span> <span class='ocrx_word' id='word_1_385' title='bbox 1407 2694 1413 2706; x_wconf 87' lang='lat'>’</span> <span class='ocrx_word' id='word_1_386' title='bbox 1431 2705 1466 2724; x_wconf 86' lang='lat' dir='ltr'>or</span> <span class='ocrx_word' id='word_1_387' title='bbox 1483 2695 1643 2724; x_wconf 75' lang='lat' dir='ltr'>clmnnels.</span> 
     </span>
     <span class='ocr_line' id='line_1_41' title="bbox 46 2735 1643 2776; baseline -0.002 -8"><span class='ocrx_word' id='word_1_388' title='bbox 46 2738 193 2776; x_wconf 81' lang='lat' dir='ltr'>besieged</span> <span class='ocrx_word' id='word_1_389' title='bbox 210 2737 244 2766; x_wconf 89' lang='lat' dir='ltr'>in</span> <span class='ocrx_word' id='word_1_390' title='bbox 262 2737 389 2766; x_wconf 76' lang='lat' dir='ltr'>Mutina</span> <span class='ocrx_word' id='word_1_391' title='bbox 405 2736 444 2774; x_wconf 84' lang='lat' dir='ltr'>by</span> <span class='ocrx_word' id='word_1_392' title='bbox 464 2736 510 2765; x_wconf 89' lang='lat' dir='ltr'>M.</span> <span class='ocrx_word' id='word_1_393' title='bbox 529 2736 698 2765; x_wconf 78' lang='lat' dir='ltr'>Antonius.</span> <span class='ocrx_word' id='word_1_394' title='bbox 870 2735 927 2765; x_wconf 83' lang='lat' dir='ltr'>See</span> <span class='ocrx_word' id='word_1_395' title='bbox 965 2736 1023 2765; x_wconf 84' lang='lat' dir='ltr'>Pro</span> <span class='ocrx_word' id='word_1_396' title='bbox 1062 2736 1194 2772; x_wconf 81' lang='lat' dir='ltr'>Milone,</span> <span class='ocrx_word' id='word_1_397' title='bbox 1230 2746 1257 2766; x_wconf 84' lang='grc'>0.</span> <span class='ocrx_word' id='word_1_398' title='bbox 1292 2738 1350 2768; x_wconf 82' lang='lat'>10:</span> <span class='ocrx_word' id='word_1_399' title='bbox 1390 2741 1408 2754; x_wconf 80' lang='lat'>‘⁴</span> <span class='ocrx_word' id='word_1_400' title='bbox 1424 2737 1523 2766; x_wconf 69' lang='lat' dir='ltr'>divam</span> <span class='ocrx_word' id='word_1_401' title='bbox 1560 2738 1643 2766; x_wconf 83' lang='grc'><strong>0111111</strong></span> 
     </span>
    </p>

    <p class='ocr_par' dir='ltr' id='par_1_7' title="bbox 42 2776 1643 2950">
     <span class='ocr_line' id='line_1_42' title="bbox 91 2776 1643 2820; baseline -0.001 -10"><span class='ocrx_word' id='word_1_402' title='bbox 91 2781 166 2820; x_wconf 79' lang='lat' dir='ltr'>[e!,]</span> <span class='ocrx_word' id='word_1_403' title='bbox 185 2781 213 2809; x_wconf 82' lang='lat' dir='ltr'>si</span> <span class='ocrx_word' id='word_1_404' title='bbox 237 2781 268 2809; x_wconf 84' lang='lat' dir='ltr'>in</span> <span class='ocrx_word' id='word_1_405' title='bbox 288 2778 495 2818; x_wconf 76' lang='lat' dir='ltr'>potestatem]</span> <span class='ocrx_word' id='word_1_406' title='bbox 519 2783 525 2794; x_wconf 79' lang='lat'>⁴</span> <span class='ocrx_word' id='word_1_407' title='bbox 540 2782 572 2807; x_wconf 87' lang='lat' dir='ltr'>et</span> <span class='ocrx_word' id='word_1_408' title='bbox 587 2776 593 2788; x_wconf 83' lang='lat'>&#39;</span> <span class='ocrx_word' id='word_1_409' title='bbox 610 2788 673 2807; x_wconf 86' lang='grc'><strong>0111.</strong></span> <span class='ocrx_word' id='word_1_410' title='bbox 691 2777 719 2806; x_wconf 90' lang='lat' dir='ltr'>V</span> <span class='ocrx_word' id='word_1_411' title='bbox 736 2777 756 2807; x_wconf 92' lang='lat' dir='ltr'>b</span> <span class='ocrx_word' id='word_1_412' title='bbox 772 2788 792 2816; x_wconf 87' lang='lat' dir='ltr'>g</span> <span class='ocrx_word' id='word_1_413' title='bbox 807 2781 821 2808; x_wconf 83' lang='lat' dir='ltr'>t</span> <span class='ocrx_word' id='word_1_414' title='bbox 869 2778 1007 2818; x_wconf 74' lang='lat' dir='ltr'>[aperte]</span> <span class='ocrx_word' id='word_1_415' title='bbox 1023 2789 1085 2810; x_wconf 91' lang='lat' dir='ltr'>non</span> <span class='ocrx_word' id='word_1_416' title='bbox 1101 2779 1259 2809; x_wconf 77' lang='lat' dir='ltr'>derivandi</span> <span class='ocrx_word' id='word_1_417' title='bbox 1277 2780 1416 2809; x_wconf 84' lang='lat' dir='ltr'>criminis</span> <span class='ocrx_word' id='word_1_418' title='bbox 1429 2779 1571 2810; x_wconf 66' lang='lat' dir='ltr'>vanssn.&#39;&#39;</span> <span class='ocrx_word' id='word_1_419' title='bbox 1585 2782 1643 2809; x_wconf 72' lang='lat' dir='ltr'>&amp;c-</span> 
     </span>
     <span class='ocr_line' id='line_1_43' title="bbox 43 2819 1641 2860; baseline -0.002 -7"><span class='ocrx_word' id='word_1_420' title='bbox 43 2824 106 2853; x_wconf 78' lang='lat' dir='ltr'>and</span> <span class='ocrx_word' id='word_1_421' title='bbox 127 2823 288 2852; x_wconf 77' lang='lat' dir='ltr'>llalm.—‘</span> <span class='ocrx_word' id='word_1_422' title='bbox 304 2822 334 2851; x_wconf 91' lang='lat' dir='ltr'>id</span> <span class='ocrx_word' id='word_1_423' title='bbox 354 2822 438 2851; x_wconf 81' lang='lat' dir='ltr'>enini</span> <span class='ocrx_word' id='word_1_424' title='bbox 459 2819 608 2855; x_wconf 74' lang='lat' dir='ltr'>restabat,</span> <span class='ocrx_word' id='word_1_425' title='bbox 632 2824 666 2850; x_wconf 81' lang='lat' dir='ltr'>ut</span> <span class='ocrx_word' id='word_1_426' title='bbox 689 2820 819 2855; x_wconf 55' lang='lat' dir='ltr'>relicto:</span> <span class='ocrx_word' id='word_1_427' title='bbox 910 2822 989 2851; x_wconf 76' lang='lat' dir='ltr'>istuc</span> <span class='ocrx_word' id='word_1_428' title='bbox 1019 2822 1141 2860; x_wconf 79' lang='lat' dir='ltr'>animo]</span> <span class='ocrx_word' id='word_1_429' title='bbox 1185 2827 1191 2838; x_wconf 88' lang='grc'><em>“</em></span> <span class='ocrx_word' id='word_1_430' title='bbox 1207 2823 1266 2851; x_wconf 69' lang='lat' dir='ltr'>isto</span> <span class='ocrx_word' id='word_1_431' title='bbox 1297 2827 1329 2852; x_wconf 86' lang='lat' dir='ltr'>tc</span> <span class='ocrx_word' id='word_1_432' title='bbox 1365 2823 1469 2852; x_wconf 77' lang='grc' dir='ltr'><strong>111ιί1110</strong></span> <span class='ocrx_word' id='word_1_433' title='bbox 1484 2822 1490 2832; x_wconf 84' lang='grc'>’</span> <span class='ocrx_word' id='word_1_434' title='bbox 1525 2821 1641 2856; x_wconf 75' lang='grc' dir='ltr'><strong>11111111ς</strong></span> 
     </span>
     <span class='ocr_line' id='line_1_44' title="bbox 44 2862 1643 2902; baseline -0.003 -5"><span class='ocrx_word' id='word_1_435' title='bbox 44 2868 101 2897; x_wconf 59' lang='lat' dir='ltr'>&amp;m</span> <span class='ocrx_word' id='word_1_436' title='bbox 121 2877 128 2896; x_wconf 93' lang='lat'>:</span> <span class='ocrx_word' id='word_1_437' title='bbox 166 2869 174 2882; x_wconf 94' lang='lat'>‘</span> <span class='ocrx_word' id='word_1_438' title='bbox 190 2869 225 2894; x_wconf 76' lang='lat' dir='ltr'>ut</span> <span class='ocrx_word' id='word_1_439' title='bbox 251 2865 361 2894; x_wconf 83' lang='lat' dir='ltr'>relicto</span> <span class='ocrx_word' id='word_1_440' title='bbox 379 2886 386 2893; x_wconf 92' lang='lat'>.</span> <span class='ocrx_word' id='word_1_441' title='bbox 406 2886 413 2893; x_wconf 90' lang='lat'><strong>.</strong></span> <span class='ocrx_word' id='word_1_442' title='bbox 432 2887 439 2894; x_wconf 87' lang='lat'><strong>.</strong></span> <span class='ocrx_word' id='word_1_443' title='bbox 457 2863 580 2902; x_wconf 85' lang='lat' dir='ltr'>prodito</span> <span class='ocrx_word' id='word_1_444' title='bbox 596 2862 602 2875; x_wconf 82' lang='lat'><strong><em>&#39;</em></strong></span> <span class='ocrx_word' id='word_1_445' title='bbox 633 2863 658 2892; x_wconf 87' lang='lat' dir='ltr'>is</span> <span class='ocrx_word' id='word_1_446' title='bbox 686 2863 822 2893; x_wconf 78' lang='lat' dir='ltr'>Cicero&#39;s</span> <span class='ocrx_word' id='word_1_447' title='bbox 866 2863 1014 2902; x_wconf 73' lang='lat' dir='ltr'>omitting</span> <span class='ocrx_word' id='word_1_448' title='bbox 1030 2865 1084 2894; x_wconf 75' lang='grc'><strong>1110</strong></span> <span class='ocrx_word' id='word_1_449' title='bbox 1109 2868 1115 2880; x_wconf 85' lang='lat'>‘</span> <span class='ocrx_word' id='word_1_450' title='bbox 1130 2869 1160 2894; x_wconf 83' lang='lat' dir='ltr'>to</span> <span class='ocrx_word' id='word_1_451' title='bbox 1175 2863 1182 2873; x_wconf 85' lang='lat'>&#39;</span> <span class='ocrx_word' id='word_1_452' title='bbox 1202 2864 1282 2895; x_wconf 77' lang='lat' dir='ltr'>after</span> <span class='ocrx_word' id='word_1_453' title='bbox 1299 2869 1305 2880; x_wconf 86' lang='lat'>‘</span> <span class='ocrx_word' id='word_1_454' title='bbox 1319 2865 1472 2895; x_wconf 79' lang='lat' dir='ltr'>nihil.&#39;-·</span> <span class='ocrx_word' id='word_1_455' title='bbox 1485 2864 1643 2894; x_wconf 76' lang='lat' dir='ltr'>incumbis</span> 
     </span>
     <span class='ocr_line' id='line_1_45' title="bbox 42 2905 1230 2950; baseline -0.002 -11"><span class='ocrx_word' id='word_1_456' title='bbox 42 2908 286 2950; x_wconf 78' lang='lat' dir='ltr'>interpretation</span> <span class='ocrx_word' id='word_1_457' title='bbox 317 2907 353 2937; x_wconf 76' lang='lat' dir='ltr'>of</span> <span class='ocrx_word' id='word_1_458' title='bbox 387 2906 441 2937; x_wconf 79' lang='lat' dir='ltr'>tho</span> <span class='ocrx_word' id='word_1_459' title='bbox 472 2905 572 2936; x_wconf 82' lang='lat' dir='ltr'>words</span> <span class='ocrx_word' id='word_1_460' title='bbox 604 2908 611 2921; x_wconf 81' lang='lat'>⁴</span> <span class='ocrx_word' id='word_1_461' title='bbox 627 2909 662 2936; x_wconf 86' lang='lat' dir='ltr'>ut</span> <span class='ocrx_word' id='word_1_462' title='bbox 692 2905 823 2937; x_wconf 79' lang='lat' dir='ltr'>liberato</span> <span class='ocrx_word' id='word_1_463' title='bbox 868 2910 903 2937; x_wconf 85' lang='lat' dir='ltr'>ut</span> <span class='ocrx_word' id='word_1_464' title='bbox 919 2906 1060 2947; x_wconf 79' lang='lat' dir='ltr'>intelligo</span> <span class='ocrx_word' id='word_1_465' title='bbox 1076 2906 1096 2938; x_wconf 71' lang='grc' dir='ltr'>ς’</span> <span class='ocrx_word' id='word_1_466' title='bbox 1125 2907 1230 2939; x_wconf 77' lang='lat' dir='ltr'>nunu.</span> 
     </span>
    </p>
   </div>
  </div>
 </body>
</html>
