1816 3211
667 180 801 223 OAP.
834 182 1014 222 13—15.
1559 182 1641 221 443

46 298 257 336 retentum
284 309 381 336 vero
406 300 449 337 et
481 309 506 336 a
534 299 577 336 te
608 295 899 335 confirmatum
929 293 1110 349 posteris
1141 293 1269 335 etiam
1300 293 1384 334 suis
1415 292 1643 334 tradituros

46 375 138 401 esse
179 360 355 401 confido.
419 360 601 415 Corpora
642 358 779 413 [vero]
822 374 898 399 sua
933 374 1008 414 pro
1042 358 1178 399 salute
1214 373 1358 412 regum
1393 372 1561 398 suorum
1601 358 1643 398 hi

45 425 173 480 legati
205 425 282 466 tibi
316 425 417 479 regii
453 426 639 474 tradunt,
675 424 829 465 Hieras
864 428 908 465 et
939 424 1175 464 Blesamius
1211 428 1255 464 et
1281 423 1536 477 Antigonus,
1567 422 1643 463 tibi

46 490 249 544 nobisque
271 490 462 530 omnibus
489 491 577 544 jam
599 490 666 530 diu
690 490 792 538 noti,
817 489 1046 543 eademque
1068 489 1149 529 fide
1172 492 1215 529 et
1237 488 1395 529 virtute
1426 488 1643 542 praeditus

47 555 265 609 Dorylaus,
305 555 374 610 qui
409 570 541 610 nuper
577 570 671 595 cum
702 554 836 594 Hiera
866 554 1032 608 legatus
1064 559 1130 595 est
1161 554 1213 593 ad
1246 559 1288 594 te
1319 553 1482 603 missus,
1516 567 1644 607 quum

44 635 191 675 regum
223 620 476 668 amicissimi,
499 625 589 660 tum
619 620 697 661 tibi
726 619 866 667 etiam,
890 626 938 659 ut
969 633 1102 673 spero,
1127 618 1307 673 probati.
1371 618 1557 673 Exquire
1591 619 1642 659 de

46 684 269 733 Blesamio,
302 685 501 740 numquid
536 686 589 725 ad
622 699 763 739 regem
800 689 946 725 contra
980 684 1231 738 dignitatem
1264 688 1382 724 tuam
1413 683 1641 738 scripserit.

46 750 204 791 Hieras
236 750 404 806 quidem
438 764 628 790 caussam
666 763 831 790 omnem
865 748 1055 803 suscipit,
1091 753 1133 789 et
1175 748 1418 788 criminibus
1451 748 1531 789 illis
1568 763 1641 803 pro

44 830 143 870 rege
174 830 218 856 se
250 814 448 870 supponit
478 829 619 854 reum:
653 814 893 855 memoriam
916 818 1032 853 tuam
1054 813 1251 868 implorat
1274 827 1354 867 qua
1375 813 1485 853 vales
1516 813 1642 867 pluri-

44 895 183 928 mum;
218 885 346 935 negat
366 894 561 934 umquam
584 894 628 920 se
650 894 675 920 a
703 884 746 920 te
778 879 818 918 in
843 878 1033 919 Deiotari
1064 878 1294 919 tetrarchia
1314 878 1462 932 pedem
1489 878 1641 919 disces-

44 946 172 987 sisse:
206 946 248 986 in
269 945 412 1001 primis
432 945 584 986 finibus
606 945 683 986 tibi
705 960 748 986 se
769 949 938 999 praesto
960 944 1087 984 fuisse
1109 943 1224 994 dicit,
1243 958 1376 998 usque
1398 944 1451 984 ad
1473 943 1643 985 ultimos

44 1016 333 1066 prosecutum:
375 1025 501 1065 quum
538 1025 560 1050 e
600 1010 747 1050 balneo
789 1009 959 1059 exisses,
993 1014 1133 1049 tecum
1169 1023 1214 1048 se
1249 1009 1390 1057 fuisse,
1417 1023 1543 1063 quum
1574 1009 1643 1049 illa

44 1091 217 1116 munera
244 1076 497 1131 inspexisses
523 1080 736 1124 caenatus,
771 1089 897 1129 quum
931 1074 972 1114 in
1003 1074 1194 1114 cubiculo
1223 1072 1511 1120 recubuisses;
1546 1089 1642 1115 ean-

45 1142 222 1196 demque
253 1141 543 1182 assiduitatem
569 1140 647 1181 tibi
677 1155 721 1180 se
753 1139 993 1194 praebuisse
1025 1138 1240 1194 postridie.
1303 1138 1582 1190 Quamobrem
1607 1138 1641 1178 si

46 1206 145 1261 quid
175 1221 330 1255 eorum,
354 1220 458 1260 quac
485 1206 651 1259 objecta
682 1210 792 1253 sunt,
817 1204 1050 1259 cogitatum
1081 1204 1149 1252 sit,
1172 1218 1254 1243 non
1284 1209 1450 1244 recusat
1471 1203 1569 1258 quin
1600 1203 1641 1243 id

45 1286 166 1312 suum
198 1271 357 1312 facinus
386 1271 563 1325 judices.
626 1270 844 1322 Quocirca,
884 1270 930 1311 O.
959 1269 1127 1318 Caesar,
1162 1269 1283 1309 velim
1316 1268 1530 1309 existimes
1569 1269 1642 1310 ho-

46 1336 188 1376 dierno
211 1336 276 1376 die
297 1336 548 1377 sententiam
571 1341 686 1377 tuam
717 1339 791 1375 aut
819 1349 914 1375 cum
942 1350 1104 1375 summo
1134 1334 1338 1375 dedecore
1367 1333 1642 1374 miserrimam

45 1406 206 1456 pestem
246 1401 567 1456 importaturam
607 1415 697 1441 esse
737 1400 904 1455 regibus
944 1405 1019 1441 aut
1068 1399 1314 1440 ineolumem
1356 1400 1508 1440 famam
1548 1414 1642 1440 cum

45 1467 204 1513 salute;
245 1480 422 1520 quorum
454 1466 631 1507 alterum
664 1471 809 1521 optare
845 1465 1006 1506 illorum
1042 1464 1299 1506 crudelitatis
1334 1471 1424 1512 est3
1465 1465 1642 1506 alterum

45 1545 290 1572 conservare
312 1530 554 1572 clementiae
575 1536 688 1572 tuae.

865 1644 1071 1674 ‘memoriam
1096 1647 1183 1674 tuam
1201 1643 1220 1673 :'
1257 1644 1430 1675 “oblivisci
1458 1645 1537 1675 nihil
1560 1645 1642 1675 soles

863 1688 922 1717 nisi
936 1686 1102 1726 injurias,'’
1133 1688 1192 1716 Pro
1219 1687 1355 1725 Ligario,
1371 1698 1397 1717 c.
1419 1690 1466 1718 12.
1511 1688 1641 1718 Abrami

91 1647 140 1676 15.
168 1645 349 1676 tradituros
374 1667 382 1675 .
401 1667 410 1675 .
427 1667 434 1674 .

45 1688 96 1725 E„
113 1688 171 1718 but
186 1688 224 1718 Ε.
241 1689 336 1718 omits
354 1690 440 1718 ‘csse
455 1687 475 1718 τ’
501 1691 507 1705 ‘
522 1688 692 1718 tradituros
705 1697 738 1717 se
750 1697 819 1717 esse

460 1645 599 1684 confido]
628 1644 665 1675 C.
692 1645 727 1675 F.
755 1644 818 1674 and

44 1731 231 1768 confidunt‚'
266 1731 304 1761 R.
336 1731 397 1761 and
430 1731 566 1761 Helmst.
605 1731 666 1760 and
700 1731 814 1766 Halm;

44 1776 178 1815 perhaps
190 1775 244 1804 the
260 1774 362 1804 better
375 1774 571 1813 reading.—⁴
582 1784 713 1813 corpora
728 1784 785 1803 sua
798 1772 817 1803 :'

44 1818 99 1848 the
126 1817 284 1847 Scholiast
299 1827 369 1857 says
395 1817 479 1856 “qui
504 1817 679 1847 offerebant
696 1827 729 1846 se
753 1821 818 1846 tor-

44 1860 195 1896 mentis,’'
217 1860 274 1890 but
289 1861 351 1890 this
369 1860 395 1890 is
419 1860 544 1890 absurd.
589 1860 679 1899 They
702 1860 818 1889 offered

43 1904 232 1933 themselves
247 1914 281 1934 as
296 1904 453 1942 host-ages,
474 1914 510 1933 or
525 1913 605 1933 were
621 1903 714 1942 ready
731 1906 763 1932 to
780 1903 820 1933 be

44 1946 210 1986 punished,
235 1946 262 1976 if
283 1946 397 1976 Caesar
420 1946 533 1976 should
549 1946 671 1976 declare
688 1947 818 1976 Deiota-

43 1998 98 2018 rus
114 1989 222 2027 guilty.

88 2032 276 2061 criminibus
302 2031 383 2070 illz's]
430 2031 500 2062 The
526 2031 640 2068 dativo,
664 2042 698 2062 as
722 2031 818 2062 Halm

45 2073 196 2104 remarks.
243 2073 275 2103 It
301 2074 393 2104 could
418 2078 474 2104 not
491 2074 529 2105 be
553 2075 606 2105 the
628 2075 819 2105 ablativa—

864 1730 946 1760 finds
962 1731 1051 1760 these
1067 1730 1169 1760 words
1185 1740 1202 1759 a
1213 1731 1293 1769 good
1310 1731 1453 1760 occasion
1471 1731 1518 1760 for
1534 1742 1594 1761 one
1610 1732 1645 1761 of

864 1774 912 1803 his
939 1773 1014 1812 long
1044 1776 1145 1809 notes,
1177 1773 1209 1802 in
1239 1774 1339 1802 which
1368 1774 1407 1804 he
1436 1774 1533 1804 refers
1564 1779 1596 1804 to
1624 1785 1642 1804 a

864 1817 988 1846 curious
1018 1816 1169 1845 anecdote
1198 1815 1296 1845 about
1327 1816 1469 1847 Caesar’s
1500 1827 1641 1857 memory

865 1860 1009 1900 (Seneca,
1028 1859 1077 1888 De
1094 1859 1172 1888 Ben.
1190 1869 1219 1888 v.
1236 1869 1263 1888 c.
1280 1858 1348 1898 24).

904 1902 1034 1942 pedem]
1082 1902 1112 1932 A
1128 1901 1223 1931 foot's
1250 1902 1370 1941 length.
1419 1902 1460 1932 So
1484 1902 1558 1942 they
1576 1903 1640 1933 said

865 1948 872 1962 ‘
887 1945 1018 1984 digitum
1034 1944 1053 1974 :’
1092 1948 1111 1961 ‘⁴
1126 1945 1202 1974 mihi
1228 1950 1347 1974 certum
1378 1950 1426 1975 est
1455 1945 1494 1975 ab
1527 1946 1640 1976 hones-

863 1989 984 2019 tissima
1008 1989 1165 2017 sententia
1196 1988 1329 2026 digitum
1356 1999 1512 2028 nusquam
1526 1988 1545 2001 ''
1575 1990 1639 2029 (Ad

864 2032 932 2062 Att.
942 2032 992 2060 vii.
1004 2033 1034 2066 3,
1050 2032 1169 2070 ll).—‘
1183 2036 1308 2071 praesto
1322 2032 1416 2061 fuisse
1430 2032 1449 2061 :'
1464 2036 1542 2062 ‘met
1555 2032 1639 2072 you.'

865 2075 924 2105 Sec
942 2075 1001 2104 Pro
1018 2075 1163 2113 Caecina,
1179 2085 1205 2104 c.
1224 2077 1274 2110 30,
1291 2075 1351 2104 and
1369 2075 1422 2105 the
1439 2079 1523 2105 note.
