1816 3211
61 186 142 226 684
278 184 455 226 ORAT.
489 181 1004 224 PHILIPPICARUM
1041 181 1225 222 LIBER
1258 182 1396 223 XIII.

59 294 226 342 Deciis3
275 294 418 350 itaque
451 294 641 336 Caesaris
671 308 845 334 munera
878 292 994 333 rosit.
1059 291 1284 332 Deciorum
1315 290 1480 346 quidem
1514 292 1646 333 multo

57 360 274 400 intervallo
296 375 368 415 per
390 360 498 400 hunc
520 360 778 414 praeclarum
791 358 924 399 virum
940 357 1139 398 memoria
1159 361 1359 397 renovata
1379 361 1455 397 est.
1491 356 1646 397 Saxam

57 439 153 465 vero
180 424 401 465 Decidium
429 423 655 479 praeterire
677 423 745 477 qui
766 436 947 476 possum,
979 421 1189 461 hominem
1220 422 1446 462 deductum
1477 436 1529 462 ex
1551 422 1646 462 ulti-

57 489 136 530 mis
156 490 361 544 gentibus.
386 494 433 529 ut
454 503 547 529 eum
569 488 783 528 tribunum
814 486 946 540 plebis
973 486 1206 527 videremus
1231 500 1354 540 quem
1378 486 1509 526 civem
1531 500 1647 525 num-

58 570 180 609 quam
202 554 461 594 videramus?
522 552 603 592 Est
634 552 802 605 quidem
832 551 938 592 alter
962 550 1166 598 Saserna3
1201 551 1274 591 sed
1296 565 1438 591 omnes
1463 549 1644 605 [tamen]

57 624 220 660 tantam
247 619 401 658 habent
428 616 741 657 similitudinem
776 616 884 656 inter
914 630 958 656 se
989 621 1036 656 ut
1067 616 1109 656 in
1140 630 1284 656 eorum
1313 615 1648 670 praenominibus

57 698 203 724 errem.
267 683 356 723 Nec
384 697 484 723 vero
520 681 721 732 Extitius,
758 680 1021 735 Philadelphi
1049 682 1190 729 frat-er,
1224 685 1432 735 quaestor,
1466 684 1649 735 praeter-

56 748 289 795 mittendus
323 752 400 797 est,
439 762 501 796 ne.
540 747 574 787 si
606 747 657 787 de
694 746 922 787 clarissimo
957 746 1224 786 adolescente
1260 745 1422 793 siluero,
1453 745 1649 785 invidisse

57 813 196 854 videar
229 813 428 854 Antonio.
491 812 576 854 Est
608 811 736 852 etiam
759 811 932 851 Asinius
965 811 1133 865 quidam
1173 815 1342 851 senator
1374 809 1645 858 voluntarius,

56 879 190 919 lectus
225 878 313 933 ipse
339 893 364 918 a
391 892 449 918 se.
511 876 718 931 Apertam
753 876 911 916 curiam
943 875 1046 916 vidit
1081 879 1179 929 post
1213 874 1405 915 Caesaris
1440 879 1645 919 1nortem;

56 943 235 984 mutavit
268 943 455 990 calceos;
491 945 612 996 pater
645 940 907 994 conscriptus
937 945 1109 993 repente
1139 940 1276 979 factus
1297 944 1375 979 est.
1437 938 1534 978 Non
1555 938 1650 978 novi

60 1008 155 1048 Sex.
188 1008 416 1055 Albesium.
447 1006 521 1046 sed
555 1010 698 1046 tamen
733 1004 940 1044 neminem
974 1008 1060 1044 tam
1092 1003 1340 1043 maledicum
1376 1003 1540 1052 offendi,
1579 1002 1650 1057 qui

57 1072 171 1112 illum
199 1082 372 1126 negaret
400 1071 570 1124 dignum
592 1069 770 1110 Antonii
801 1074 964 1109 senatu.
1026 1068 1227 1108 Arbitror
1254 1082 1319 1108 me
1340 1067 1500 1122 aliquos
1532 1081 1651 1122 prae-

57 1137 245 1177 teriisse:
279 1137 330 1176 de
352 1136 401 1175 iis
421 1143 563 1176 tamen
585 1134 654 1188 qui
677 1133 957 1174 occurrebant
977 1138 1119 1173 tacere
1140 1146 1222 1172 non
1239 1132 1369 1186 potui.
1404 1131 1500 1173 Hoc
1522 1131 1652 1187 igitur

56 1201 188 1242 fretus
218 1207 368 1240 senatu
392 1199 694 1254 Pompeianum
722 1205 913 1238 senatum
945 1197 1134 1252 despicit,
1158 1196 1200 1236 in
1222 1211 1303 1251 quo
1326 1197 1467 1237 decem
1498 1196 1652 1236 fuimus

58 1266 309 1313 consulares,
334 1264 403 1320 qui
425 1264 458 1305 si
481 1278 625 1304 omnes
653 1262 850 1309 viverent,
883 1262 1037 1302 bellum
1066 1261 1233 1302 omnino
1265 1262 1344 1302 hoc
1366 1276 1449 1301 non
1470 1261 1646 1308 fuisset3

56 1331 299 1372 auctoritati
353 1329 550 1370 cessisset
605 1327 790 1368 audacia.
855 1326 937 1367 Sed
970 1335 1175 1382 quantum
1214 1325 1410 1381 praesidii
1449 1325 1575 1366 fuerit
1609 1324 1652 1364 in

58 1396 220 1445 ceteris,
244 1395 340 1435 hinc
370 1393 544 1447 intelligi
577 1397 730 1448 potest,
765 1392 874 1447 quod
896 1406 973 1447 ego
1001 1406 1108 1432 unus
1142 1391 1313 1432 relictus
1334 1406 1356 1432 e
1378 1390 1520 1432 multis
1553 1404 1653 1430 con-

57 1461 148 1502 tudi
184 1465 227 1501 et
262 1459 368 1514 fregi
399 1458 696 1513 adjuvantibus
732 1457 848 1498 vobis
881 1456 1132 1497 exsultantis
1167 1455 1386 1511 praedonis
1421 1455 1651 1495 audaciam.

59 1525 192 1566 XIV.
226 1525 345 1577 Quod
368 1523 402 1564 si
432 1538 515 1563 non
546 1524 715 1564 fortuna
746 1522 867 1564 nobis
897 1522 1020 1562 modo
1055 1521 1276 1576 eripuisset
1311 1521 1401 1561 Ser.
1426 1520 1654 1575 Sulpicium

58 1591 229 1645 ejusque
259 1589 458 1644 collegam
483 1592 582 1628 ante
618 1588 680 1628 M.
706 1587 1118 1640 Marcellum—quos
1151 1586 1286 1626 cives!
1323 1600 1428 1641 quos
1456 1585 1565 1626 viros
1583 1587 1651 1624 ἱ-

57 1655 91 1696 si
114 1656 193 1695 duo
228 1654 420 1695 consules
451 1653 727 1693 amicissimos
759 1651 920 1706 patriae
952 1651 1073 1691 simul
1095 1665 1147 1691 ex
1172 1650 1295 1691 Italia
1318 1651 1508 1704 ejectos;
1543 1649 1577 1690 si
1602 1648 1650 1695 L,

58 1719 292 1768 Afranium,
316 1732 521 1759 summum
543 1717 718 1763 ducem3
754 1716 789 1756 si
814 1717 863 1756 P.
889 1715 1125 1761 Lentulum,
1143 1715 1273 1755 civem
1295 1730 1420 1769 quum
1438 1715 1479 1754 in
1501 1714 1653 1755 ceteris

57 1786 194 1830 rebus,
225 1789 314 1824 tum
335 1783 374 1822 in
397 1783 532 1822 salute
562 1796 657 1822 mea
687 1780 963 1835 singulare1n;
998 1780 1033 1820 si
1057 1780 1119 1819 M.
1143 1779 1352 1827 Bibulum,
1375 1779 1494 1833 cujus
1525 1784 1590 1819 est
1611 1779 1653 1819 in

58 1864 146 1890 rem
176 1848 382 1902 publicam
412 1846 560 1886 merito
592 1860 754 1899 semper
783 1845 955 1885 laudata
976 1844 1214 1884 constantia
1231 1859 1240 1891 3
1272 1843 1307 1883 si
1331 1843 1378 1883 L.
1403 1843 1651 1891 Domitium,

58 1907 466 1968 praestantissimum
498 1910 658 1956 civem3
694 1909 728 1949 si
750 1909 936 1963 Appium
971 1908 1203 1955 Claudium,
1238 1908 1326 1962 pari
1359 1908 1581 1948 nobilitate
1610 1913 1654 1949 et

59 1977 275 2018 voluntate
308 1975 569 2030 praeditum3
605 1974 639 2015 si
675 1975 725 2014 P.
761 1973 1009 2028 Scipionem,
1045 1972 1321 2012 clarissimum
1353 1972 1485 2012 virum
1524 1973 1653 2026 majo-

59 2055 230 2095 rumque
251 2054 421 2080 suorum
442 2039 704 2087 simillimum,
728 2053 796 2079 res
817 2037 984 2092 publica
1004 2041 1149 2077 tenere
1171 2037 1377 2091 potuisset
1395 2054 1405 2084 ;
1442 2041 1557 2077 certe
1589 2037 1654 2077 his

60 2104 343 2147 consularibus
364 2118 447 2144 non
475 2108 585 2144 esset
610 2102 893 2158 Pompeianus
923 2101 1217 2156 despiciendus
1249 2106 1433 2142 senatus.
1497 2101 1654 2142 Utrum

59 2215 214 2245 Whether
228 2215 291 2245 this
307 2216 333 2245 is
349 2225 409 2245 one
424 2215 459 2245 of
471 2215 557 2245 them
574 2225 620 2245 we
636 2218 751 2245 cannot
766 2215 832 2245 tell.

61 2258 194 2288 Saserna
216 2259 242 2288 is
259 2259 440 2288 mentioned
456 2258 506 2288 Ad
522 2259 591 2288 Att.
604 2269 655 2288 xv.
667 2261 705 2295 23
723 2258 785 2287 and
801 2259 833 2287 in

59 2301 114 2330 the
139 2301 218 2330 Bell.
235 2301 332 2330 Afric.
350 2311 377 2330 c.
397 2303 446 2336 10,
466 2304 527 2330 two
553 2311 605 2330 are
629 2301 832 2331 mentioned:

61 2345 81 2359 ‘⁴
95 2343 207 2382 Itaque
230 2343 273 2372 ibi
298 2343 408 2372 relicto
433 2344 467 2373 P.
486 2344 629 2379 Saserna,
647 2344 743 2373 fratre
767 2344 834 2382 ejus

61 2395 153 2424 quem
172 2386 265 2423 Lepti
282 2386 423 2424 proximo
440 2386 556 2425 oppido
572 2386 776 2426 reliquerat.'’

103 2427 270 2466 Eoetz'tz'us]
297 2437 332 2456 or
349 2432 355 2444 ⁶
370 2428 504 2458 Exitius'
528 2429 548 2458 i.
583 2429 598 2458 Ι
616 2439 754 2468 suppose
780 2428 836 2458 the

60 2479 153 2499 name
165 2471 190 2499 is
206 2472 343 2508 corrupt.
384 2471 606 2510 Philadelphus
622 2472 647 2501 is
664 2472 699 2502 C.
713 2472 837 2501 Annius

61 2512 198 2548 Cimber,
216 2522 242 2541 e.
263 2513 310 2541 12.

103 2555 242 2584 mutavit
269 2554 405 2593 calceos]
456 2555 506 2584 He
522 2558 580 2594 put
601 2565 642 2585 on
665 2556 720 2586 the
744 2566 833 2586 sena-

60 2597 152 2627 torial
177 2597 270 2633 shoe;
296 2597 437 2635 changed
460 2597 508 2627 his
536 2598 622 2628 dress
637 2599 700 2628 and
715 2598 837 2628 walked

60 2650 104 2670 ln.

71 2699 193 2729 “Nam
211 2700 247 2727 ut
263 2698 396 2737 quisque
419 2697 549 2727 insanus
575 2698 673 2737 nigris
698 2699 837 2728 medium

147 2741 290 2779 impediit
306 2750 376 2770 crus

106 2784 245 2814 Pellibus
256 2787 287 2813 et
297 2783 395 2813 latum
408 2782 533 2811 demisit
544 2785 670 2820 pectore
680 2783 840 2813 clavum.''

352 2825 502 2865 (Horace,
521 2825 586 2854 Sat.
603 2825 623 2854 i.
641 2826 670 2861 6,
688 2835 716 2854 V.
734 2825 800 2865 27.)

60 2896 113 2916 —‘
126 2893 200 2923 Non
211 2893 282 2923 novi
296 2892 367 2922 Sex.
382 2892 545 2922 Albesium
555 2891 575 2921 :'
589 2894 639 2921 or‘
655 2891 846 2929 Albedium‚’

877 2224 911 2244 as
927 2223 1014 2244 some
1040 2213 1120 2243 have
1135 2213 1178 2249 it3
1203 2223 1263 2243 nor
1283 2213 1322 2243 do
1346 2222 1393 2242 we
1415 2212 1508 2241 know
1523 2211 1593 2241 who
1616 2211 1657 2240 he

878 2260 1005 2286 was.—‘
1020 2256 1126 2286 decem
1144 2256 1323 2286 consulares
1338 2255 1357 2285 :'
1374 2255 1414 2284 he
1425 2264 1533 2284 names
1549 2255 1657 2284 eleven

878 2299 1041 2337 including
1068 2299 1205 2335 himself,
1229 2299 1262 2328 in
1282 2298 1337 2328 the
1363 2301 1440 2328 next
1466 2297 1605 2336 chapter,
1622 2307 1656 2326 as

879 2342 1048 2372 Manutius
1064 2342 1221 2371 observes.

926 2386 974 2414 14.
999 2388 1072 2414 ante
1088 2385 1136 2414 M.
1158 2383 1364 2422 Marcellum]
1400 2382 1568 2412 Marcellus
1585 2381 1657 2411 died

880 2427 985 2457 before
1003 2428 1069 2457 Ser.
1091 2427 1248 2465 Sulpicius
1260 2425 1335 2465 (Pro
1349 2425 1582 2464 Ma1·cello).—‘
1595 2424 1657 2454 duo

882 2470 1026 2500 consules
1040 2469 1059 2499 :'
1085 2469 1121 2499 C.
1134 2469 1304 2499 Marcellus
1322 2468 1384 2497 and
1397 2468 1434 2497 L.
1449 2468 1659 2497 Lentulus.—

884 2516 891 2530 ‘
904 2513 942 2542 L.
959 2512 1137 2548 Afranium,
1155 2521 1313 2541 summum
1331 2511 1443 2540 (lucem
1456 2510 1475 2539 :'
1504 2511 1558 2539 the
1584 2519 1658 2539 man

880 2555 916 2585 of
944 2555 1046 2584 whom
1079 2555 1187 2585 Cicero
1213 2564 1284 2593 says
1313 2557 1346 2583 to
1378 2553 1504 2583 Atticus
1529 2552 1561 2591 (i.
1591 2551 1656 2591 18),

883 2600 902 2614 “
918 2608 1013 2636 quam
1035 2598 1165 2636 ignavus
1180 2607 1216 2626 ac
1232 2597 1299 2626 sine
1314 2596 1420 2625 animo
1437 2593 1560 2624 miles.”
1608 2595 1659 2624 He

882 2651 946 2670 was
963 2641 1072 2670 consul
1090 2649 1153 2669 B.c.
1171 2641 1223 2674 60,
1241 2639 1331 2668 when
1352 2638 1461 2668 Cicero
1483 2637 1568 2675 gives
1592 2636 1658 2666 him

883 2683 947 2713 this
973 2683 1143 2712 character.
1191 2682 1242 2711 He
1264 2681 1403 2720 opposed
1427 2680 1541 2710 Caesar
1556 2680 1588 2709 in
1605 2679 1659 2708 the
1700 2676 1708 2682 '

884 2726 954 2755 first
985 2725 1120 2764 Spanish
1144 2734 1216 2759 war,
1248 2724 1309 2753 and
1335 2733 1395 2752 was
1423 2722 1546 2752 beaten.
1609 2721 1659 2751 He

887 2767 1032 2807 perished
1055 2768 1087 2796 in
1108 2767 1163 2796 the
1184 2766 1311 2796 African
1326 2776 1389 2795 war
1406 2764 1500 2804 (Bell.
1518 2763 1614 2794 Afric.
1632 2773 1658 2794 e.

889 2810 1059 2849 05).-‘P.
1087 2809 1259 2838 Lentulum
1275 2808 1295 2838 ε’
1335 2808 1376 2837 he
1407 2817 1469 2836 was
1499 2807 1597 2836 active
1626 2806 1660 2835 in

891 2851 1030 2882 Cicero’s
1046 2852 1232 2881 restoration
1249 2851 1329 2880 from
1345 2850 1426 2880 exile
1443 2848 1491 2889 (in
1507 2847 1634 2888 salute).

936 2895 986 2924 lais
1002 2893 1238 2933 consularibus]
1280 2903 1298 2923 a
1311 2892 1332 2922 b
1347 2893 1368 2922 i.
1394 2892 1452 2921 ‘iis
1464 2891 1471 2905 ’
1499 2894 1523 2928 t,
1543 2891 1654 2926 Halm;

1814 951 1816 983 ψῃ
1809 448 1816 944 ᾼᾉᾼᾷᾈ-ῌ--ῇ-
1808 331 1816 444 —.—————
1807 229 1816 327 -—-——.
1807 150 1816 277 ——-¹
1807 182 1810 221 ν-
1805 0 1816 178 *Γ--Ἴ
