1816 3211
76 215 158 256 630
237 210 415 253 ORAT.
450 208 964 250 PHILIPPIOARUM
1001 205 1187 246 LIBER
1218 204 1515 246 DECIMUS.

75 326 257 382 quodam
297 323 460 380 paterni
501 321 760 375 maternique
799 319 964 374 generis
1004 323 1048 359 et
1087 318 1280 358 nominis.
1343 317 1452 359 VII.
1489 318 1559 359 Ab
1592 318 1671 358 hoc

73 391 202 446 igitur
223 390 309 431 viro
333 388 550 444 quisquam
572 387 724 426 bellum
746 385 878 434 timet,
903 384 985 438 qui,
1009 388 1107 424 ante
1129 397 1251 437 quam
1270 397 1345 424 nos
1366 382 1408 423 id
1429 382 1562 424 coacti
1583 397 1673 422 sus-

75 456 270 511 cepimus,
303 455 341 494 iu
372 467 472 507 pace
497 452 638 505 jacere
667 464 790 504 quam
820 449 861 489 in
889 449 995 489 bello
1016 448 1155 501 vigere
1178 447 1352 488 maluit?
1412 447 1672 501 Quamquam

75 521 141 561 ille
163 520 328 575 quidem
356 530 579 570 numquam
596 514 742 569 jacuit,
775 528 851 554 nec
875 514 954 554 1100
983 514 1132 554 cadere
1154 513 1324 553 verbum
1346 512 1387 552 in
1409 517 1573 552 tantam
1594 512 1674 552 vir-

78 585 182 626 tutis
202 581 503 638 praestantiam
523 585 679 634 potest.
743 579 850 619 Erat
876 578 984 619 enim
1007 578 1049 618 in
1072 577 1279 618 desiderio
1301 576 1499 624 civitatis,
1529 576 1570 616 in
1588 590 1671 624 ore,

76 650 115 690 in
139 661 328 689 sermone
350 645 546 686 omnium.
609 644 794 684 Tantum
815 649 955 684 autem
978 644 1125 683 aberat
1145 657 1170 682 a
1190 642 1297 682 bello
1320 647 1379 689 ut,
1404 656 1529 696 quum
1561 641 1674 695 cupi-

75 714 209 755 ditate
242 710 448 752 libertatis
484 709 608 750 Italia
629 709 807 755 arderet,
836 708 1012 749 defuerit
1036 707 1187 749 civium
1215 708 1366 749 studiis
1387 707 1527 762 potius
1549 721 1674 762 quam

78 795 149 821 eos
171 780 212 819 in
233 791 443 819 armorum
471 774 693 816 discrimen
728 775 969 815 adduceret.
1031 774 1183 829 Itaque
1211 773 1268 813 illi
1296 773 1385 827 ipsi,
1409 773 1443 813 si
1475 772 1543 827 qui
1574 777 1674 813 sunt

77 844 148 899 qui
188 842 434 884 tarditatem
475 839 598 879 Bruti
638 839 957 894 reprehendant,
999 843 1141 880 tamen
1180 838 1304 878 iidem
1344 837 1674 878 moderationem

77 907 407 964 patientiamque
428 905 646 945 mirantur.

137 973 222 1014 Sed
250 973 338 1027 jam
366 971 484 1012 video
507 983 612 1024 quae
644 969 880 1023 loquantur,
916 982 1050 1023 neque
1082 967 1191 1008 enim
1227 967 1268 1008 id
1304 967 1467 1008 occulte
1500 966 1672 1007 faciunt.

85 1038 250 1078 Timere
273 1051 316 1077 se
339 1035 485 1076 dicunt
510 1049 590 1089 quo
611 1034 735 1074 modo
764 1033 902 1073 ferant
930 1032 1116 1073 veterani
1138 1032 1368 1073 exercitum
1400 1031 1580 1072 Brutum
1600 1031 1672 1071 ha-

82 1104 195 1144 bere.
259 1101 387 1152 Quasi
408 1114 505 1140 vero
527 1099 751 1153 quidquam
772 1097 939 1138 intersit
960 1098 1069 1138 inter
1091 1098 1147 1137 A.
1172 1097 1316 1146 Hirtii,
1342 1095 1388 1136 C.
1415 1096 1591 1146 Pansae,
1616 1095 1672 1136 D.

80 1168 215 1215 Bruti,
240 1167 286 1208 C.
312 1164 503 1206 Caesaris
524 1168 567 1203 et
589 1164 697 1203 hunc
730 1162 959 1203 exercitum
995 1162 1058 1201 M.
1082 1161 1219 1202 Bruti.
1281 1160 1390 1200 Nam
1419 1160 1453 1200 si
1474 1165 1674 1215 quattuor

83 1232 293 1273 exercitus
324 1230 351 1269 ii
384 1229 434 1269 de
465 1228 616 1282 quibus
652 1227 736 1267 dixi
764 1232 986 1281 propterea
1017 1227 1256 1275 laudantur,
1289 1226 1399 1280 quod
1425 1240 1501 1280 pro
1534 1225 1673 1280 populi

77 1295 256 1337 Romani
300 1294 494 1335 libertate
536 1307 653 1333 arma
698 1296 911 1346 ceperunt,
963 1292 1062 1346 quid
1103 1296 1168 1332 est
1217 1306 1289 1332 cur
1339 1290 1406 1331 hic
1450 1291 1511 1331 M.
1550 1290 1673 1330 Bruti

77 1361 286 1403 exercitus
316 1374 400 1399 non
430 1358 471 1398 in
504 1358 651 1398 eadem
678 1371 825 1397 caussa
852 1358 1059 1411 ponatur?
1120 1356 1183 1397 At
1213 1355 1321 1397 enim
1342 1355 1552 1397 veteranis
1583 1370 1672 1396 sus-

76 1432 247 1482 pectum
283 1429 348 1465 est
382 1438 534 1464 nomen
568 1423 630 1463 M.
654 1421 790 1462 Bruti.
844 1421 1040 1476 Magisne
1068 1436 1191 1476 quam
1214 1421 1404 1462 Decimi?
1466 1420 1673 1475 Equidem

75 1507 158 1533 non
208 1490 402 1531 arbitror.
477 1487 573 1529 Etsi
614 1493 678 1528 est
728 1486 838 1527 enim
889 1486 1115 1527 Brutorum
1160 1501 1378 1527 commune
1419 1487 1577 1527 factum
1628 1492 1672 1527 et

77 1556 211 1597 laudis
244 1555 425 1595 societas
465 1567 609 1608 aequa,
656 1551 831 1592 Decimo
875 1556 1015 1592 tamen
1061 1551 1254 1592 iratiores
1299 1555 1418 1592 erant
1459 1551 1487 1590 ii
1523 1550 1592 1606 qui
1631 1550 1674 1590 id

81 1622 243 1661 factum
266 1618 477 1665 dolebant,
493 1632 574 1672 quo
595 1616 732 1656 minus
753 1617 806 1657 ab
829 1631 877 1656 eo
899 1630 986 1656 rem
1007 1615 1117 1656 illam
1138 1615 1334 1656 dicebant
1353 1615 1443 1655 fieri
1464 1615 1671 1655 debuisse.

83 1686 192 1737 Quid
220 1698 320 1738 ergo
351 1687 483 1736 agunt
503 1696 612 1722 nunc
643 1685 710 1722 tot
739 1680 951 1721 exercitus
972 1679 1050 1720 nisi
1071 1684 1119 1720 111
1141 1679 1357 1720 obsidione
1389 1679 1486 1733 [Β]
1512 1678 1671 1719 Brutus

80 1751 305 1790 liberetur?
367 1747 446 1799 Qui
479 1752 622 1786 autem
657 1746 733 1786 hos
769 1744 978 1785 exercitus
1013 1744 1200 1785 ducunt?
1262 1744 1310 1792 Ii,
1345 1744 1482 1793 credo,
1521 1743 1590 1798 qui
1623 1742 1670 1783 C.

82 1814 272 1855 Caesaris
304 1827 371 1852 res
403 1815 521 1851 actas
554 1809 697 1859 everti,
728 1809 797 1863 qui
825 1823 1015 1849 caussam
1042 1814 1332 1849 veteranorum
1364 1808 1483 1862 prodi
1512 1808 1670 1848 volunt.

85 1878 219 1918 VIII.
244 1877 288 1917 Si
310 1877 397 1931 ipse
419 1875 576 1914 viveret
599 1872 644 1913 C.
669 1873 833 1923 Caesar,
861 1873 1008 1924 acrius,
1038 1873 1174 1921 credo,
1198 1877 1294 1913 acta
1324 1887 1399 1913 sua
1431 1873 1672 1914 defenderet

82 1958 206 1998 quam
227 1942 288 1983 vir
319 1939 570 1981 fort-issimus
604 1938 787 1979 defendit
822 1938 1012 1979 Hirtius:
1046 1943 1121 1979 aut
1152 1937 1323 1978 amicior
1355 1952 1525 1978 caussae
1561 1937 1671 1991 quis-

83 2023 206 2062 quam
242 2011 383 2061 potest
414 2003 586 2045 inveniri
621 2017 742 2057 quam
776 2003 913 2044 filius?
973 2003 1035 2043 At
1071 2003 1219 2043 horum
1254 2003 1372 2051 alter,
1406 2003 1588 2042 nondum
1619 2017 1672 2043 ex

82 2071 386 2125 longinquitate
407 2067 639 2124 gravissimi
660 2067 793 2107 morbi
814 2073 1039 2113 recreatus,
1062 2067 1259 2122 quidquid
1280 2066 1427 2108 habuit
1447 2067 1605 2117 virium,
1628 2067 1670 2107 id

82 2136 124 2177 in
140 2151 281 2176 eorum
303 2135 540 2175 libertatem
562 2132 862 2172 defendendam
879 2132 1067 2182 contulit,
1092 2147 1267 2187 quorum
1287 2132 1396 2173 votis
1407 2132 1611 2186 judicavit
1627 2146 1671 2172 se

82 2216 107 2242 a
127 2206 262 2241 morte
284 2204 525 2240 revocatum
545 2214 553 2238 ε
587 2198 693 2238 alter
714 2197 882 2238 virtutis
904 2198 1053 2238 robore
1074 2197 1231 2237 firmior
1252 2211 1373 2251 quam
1404 2196 1556 2237 aetatis
1578 2211 1671 2237 cum

82 2266 175 2306 istis
195 2265 297 2320 ipsis
318 2263 526 2305 veteranis
548 2263 601 2303 ad
623 2262 679 2303 D.
702 2261 881 2302 Brutum
901 2262 1161 2303 liberandum
1181 2267 1246 2303 est
1266 2261 1492 2316 profectus.
1554 2261 1670 2317 Ergo

83 2330 140 2369 illi
173 2329 393 2370 certissimi
420 2328 624 2382 iidemque
659 2327 848 2367 acerrimi
883 2326 1073 2367 Caesaris
1099 2332 1287 2367 actorum
1319 2325 1486 2381 patroni
1516 2341 1590 2380 pro
1613 2326 1669 2367 D.

84 2394 206 2435 Bruti
239 2394 373 2435 salute
405 2393 555 2433 bellum
586 2395 748 2445 gerunt,
772 2405 875 2446 quos
896 2391 1082 2433 veterani
1109 2398 1369 2446 sequuntur;
1405 2391 1455 2430 de
1475 2390 1669 2432 libertate

83 2458 191 2498 enim
219 2457 355 2512 populi
387 2456 577 2505 Romani,
611 2470 693 2496 non
722 2456 772 2496 de
807 2455 892 2496 suis
926 2456 1167 2506 commodis,
1204 2455 1330 2495 armis
1366 2455 1670 2496 decernendum

122 2591 254 2631 paterni
277 2589 489 2628 maternique]
540 2589 591 2618 He
613 2589 732 2619 alludes
754 2592 788 2619 to
805 2589 852 2620 M.
898 2589 972 2620 Itis
987 2600 1006 2619 a
1020 2589 1100 2619 form
1124 2589 1158 2619 of
1176 2588 1357 2628 expression
1379 2588 1466 2628 plain
1489 2587 1613 2627 enough
1635 2588 1669 2618 in

86 2633 214 2664 Brutus‘
243 2632 362 2670 alleged
393 2632 521 2661 descent
547 2632 627 2660 from
659 2632 696 2661 L.
724 2632 852 2668 Brutus,
899 2632 1004 2662 Latin.

84 2677 154 2706 who
192 2675 333 2714 expelled
363 2674 551 2713 Tarquinius
582 2674 754 2712 Superbus,
791 2675 853 2704 and
940 2675 981 2711 Ii,
1017 2674 1127 2713 credo]
1177 2674 1250 2703 Said
1282 2673 1455 2712 ironically.
1509 2672 1668 2702 Antonius

84 2720 167 2749 from
184 2718 332 2748 Servilius
348 2717 513 2746 Ahala—⁴
526 2716 592 2744 viro
604 2716 623 2744 :y
644 2726 706 2745 om.
725 2717 765 2746 D.
897 2717 959 2746 had
974 2717 1102 2746 undone
1117 2716 1172 2746 the
1189 2720 1196 2733 ¹
1207 2716 1292 2746 acta'
1310 2716 1345 2746 of
1365 2716 1490 2752 Caesar,
1506 2725 1540 2745 as
1556 2715 1666 2745 Cicero

128 2763 158 2797 7.
183 2763 215 2790 in
234 2770 317 2799 pace
331 2759 458 2798 jacere]
509 2758 568 2787 His
591 2758 751 2797 inactivity
774 2759 853 2788 after
897 2759 953 2789 has
970 2760 1057 2789 often
1073 2759 1150 2788 said.

84 2805 137 2834 the
156 2803 230 2834 15th
248 2803 283 2832 of
296 2802 474 2831 March.—‘
487 2800 597 2830 cadere
613 2800 744 2830 verbum
757 2801 776 2830 :'
802 2811 853 2832 see
941 2804 970 2831 8.
995 2803 1079 2832 alter
1095 2823 1103 2831 .
1118 2823 1125 2830 .
1140 2824 1147 2831 .
1165 2801 1268 2831 morbi
1285 2822 1291 2829 .
1308 2823 1315 2830 .
1330 2822 1337 2830 .
1353 2800 1450 2840 votis]
1484 2800 1534 2829 He
1548 2799 1667 2829 alludes

83 2847 138 2876 the
155 2846 265 2875 Index.
895 2846 929 2873 to
956 2843 1090 2874 Hirtius’
1114 2843 1176 2873 bad
1198 2843 1304 2873 health
1328 2842 1424 2882 (Phil.
1447 2843 1500 2873 vii.
1525 2852 1551 2872 c.
1576 2842 1668 2882 4).—

128 2897 290 2919 commune
309 2885 458 2925 sat-tum]
506 2881 647 2913 Caesar’s
682 2885 848 2915 0550551110-
896 2887 994 2916 ‘alter
1009 2885 1166 2916 virtutisz'
1191 2895 1297 2925 young
1313 2885 1437 2915 Caesar.

81 2931 157 2962 tion.
204 2931 298 2963 ‘Quo
326 2929 443 2958 minus’
470 2926 565 2956 refers
593 2929 625 2954 to
662 2927 848 2957 ‘iratiorcs.’
