1816 3211
433 178 444 201 '¹
716 181 850 224 GAP.
883 181 1064 225 15—17.
1607 182 1689 228 687

90 310 183 337 rum
213 294 281 345 sit,
313 294 412 350 quid
435 298 548 349 agat,
571 293 682 336 vivat
713 294 893 350 denique
914 309 968 336 an
987 298 1181 335 mortuus
1211 293 1280 343 sit,
1304 293 1397 349 quis
1417 298 1491 335 aut
1512 294 1592 337 scit
1612 301 1688 337 aut

89 362 238 401 curat?
299 364 309 381 ⁴
326 360 415 401 Ser.
439 360 617 401 Galbam
638 360 785 401 eodem
805 359 987 415 pugione
1008 359 1272 401 succinctum
1286 359 1328 399 in
1346 359 1497 401 castris
1508 360 1688 401 videtis?

88 426 203 466 Nihil
223 425 301 467 tibi
332 426 382 466 de
415 425 550 466 Galba
577 426 820 480 respondeo,
855 424 1085 467 fortissimo
1117 430 1161 466 et
1195 424 1538 466 constantissimo
1572 425 1685 466 cive:

87 505 229 531 coram
262 490 422 531 aderit:
456 505 654 545 praesens
686 490 764 531 tibi
792 496 836 532 et
865 490 954 545 ipse
982 494 1026 531 et
1053 489 1121 531 ille
1157 504 1281 544 quem
1313 489 1529 531 insimulas
1561 490 1689 546 pugio

86 555 366 610 respondebit.
431 555 617 596 ‘Milites
644 561 720 597 aut
751 571 867 597 meos
901 560 976 596 aut
1008 560 1230 596 veteranos
1269 554 1551 605 contraxistis,
1581 560 1689 597 tam-

88 635 213 674 quam
232 621 286 660 ad
308 620 482 661 exitium
514 634 656 660 eorum
684 620 754 675 qui
783 620 1005 661 Caesarem
1038 620 1306 662 occiderant:
1341 624 1385 660 et
1414 619 1580 660 eosdem
1611 634 1689 661 nec

89 685 310 739 opinantes
330 685 383 724 ad
405 685 643 739 quaestoris
663 684 725 725 sui
747 691 821 727 aut
842 685 1110 740 imperatoris
1139 690 1213 726 aut
1245 684 1574 725 commilitonum
1594 699 1690 726 suo-

88 763 180 790 rum
200 748 382 804 pericula
401 748 649 803 impulistis?
711 750 880 791 Scilicet
900 751 1026 791 verba
1049 750 1250 797 dedimus,
1268 749 1531 804 decepimus:
1571 749 1690 803 igno·

88 814 211 855 rabat
245 813 354 868 legio
390 813 560 862 Martia,
598 813 787 866 Quartam
836 814 1083 855 nesciebant
1118 814 1306 854 veterani
1343 814 1442 868 quid
1477 822 1686 868 ageretur.

91 879 187 920 Non
209 878 266 919 illi
285 882 457 919 senatus
477 879 789 928 auctoritatem,
811 894 894 919 non
915 879 1157 920 libertatem
1178 878 1319 934 populi
1341 878 1521 919 Romani
1542 894 1688 934 seque-

89 944 267 985 bantur:
313 943 508 984 Caesaris
538 948 718 985 mortem
752 944 896 985 ulcisci
928 943 1134 994 volebant,
1172 958 1297 998 quam
1334 957 1478 984 omnes
1518 944 1690 985 fatalem

89 1009 217 1050 fuisse
252 1007 593 1050 arbitrabantur:
627 1014 671 1050 te
698 1008 891 1050 videlicet
922 1008 1092 1057 salvum,
1129 1009 1312 1058 beatum,
1343 1007 1563 1048 florentem
1599 1023 1690 1049 esse

90 1073 329 1129 cupiebant.
361 1072 522 1114 XVII.
546 1072 582 1113 O
604 1073 731 1115 miser
752 1088 881 1129 quum
900 1088 959 1124 re,
982 1078 1074 1115 tum
1095 1073 1174 1114 hoc
1196 1072 1298 1128 ipso,
1323 1073 1433 1127 quod
1454 1087 1537 1113 non
1558 1074 1691 1114 sentis

91 1154 216 1194 quam
236 1138 363 1179 miser
384 1137 455 1179 sis.
508 1138 590 1179 Sed
611 1138 838 1179 maximum
860 1139 1016 1180 crimen
1036 1138 1196 1179 audite.
1247 1142 1257 1159 ‘
1276 1137 1470 1193 Denique
1492 1138 1592 1194 quid
1609 1153 1692 1179 non

91 1209 166 1245 aut
187 1203 441 1259 probavistis
461 1209 535 1244 aut
561 1203 734 1252 fecistis,
758 1205 869 1259 quod
890 1204 1031 1253 faciat,
1054 1203 1089 1244 si
1111 1202 1332 1244 reviviscat
1345 1203 1534 1258 '-—quis?
1569 1205 1692 1245 credo

91 1268 201 1309 enim
231 1268 378 1309 afferet
407 1267 574 1322 aliquod
609 1268 803 1309 scelerati
834 1268 1012 1308 hominis
1041 1267 1438 1322 exemplum—‘Ca
1464 1268 1692 1324 Pompeius

90 1333 209 1389 ipse?
251 1332 287 1374 Ο
309 1347 386 1373 nos
407 1338 564 1388 turpes,
588 1332 623 1373 si
645 1333 812 1388 quidem
834 1333 910 1374 Cn.
934 1332 1182 1388 Pompeium
1204 1332 1358 1374 imitati
1379 1348 1524 1374 sumus
1545 1335 1553 1373 l
1591 1338 1600 1355 ‘
1617 1339 1693 1375 aut

91 1398 201 1439 filius
217 1398 318 1452 ejus,
341 1397 376 1438 si
397 1398 520 1437 modo
541 1397 701 1452 possit?
766 1398 943 1447 Poterit,
968 1397 1068 1438 mihi
1090 1398 1225 1446 crede,
1249 1412 1345 1438 nam
1367 1398 1514 1452 paucis
1546 1398 1693 1439 diebus

92 1470 136 1505 et
158 1463 198 1503 in
221 1464 391 1503 domum
412 1467 455 1504 et
475 1462 516 1502 in
537 1462 684 1503 hortos
705 1468 905 1517 paternos
927 1462 1197 1518 immigrabit.
1251 1466 1261 1482 ⁴
1281 1462 1504 1503 Postremo
1527 1463 1693 1517 negatis

91 1543 238 1583 pacem
268 1541 391 1582 posse
423 1527 526 1577 fieri,
555 1527 635 1567 nisi
666 1533 740 1568 aut
769 1528 945 1569 emisero
980 1528 1161 1569 Brutum
1190 1532 1264 1568 aut
1291 1527 1500 1569 fruniento
1517 1528 1694 1582 juvero?

93 1592 181 1633 Alii
208 1592 317 1634 istuc
347 1598 534 1647 negant;
569 1606 648 1647 ego
679 1606 790 1641 vero,
827 1607 879 1633 ne
916 1593 951 1633 si
984 1592 1067 1634 ista
1098 1592 1266 1647 quidem
1301 1593 1461 1643 feceris,
1496 1608 1693 1648 umquam

91 1662 232 1699 tecum
267 1671 415 1712 pacem
449 1656 546 1698 huic
583 1656 744 1698 civitati
773 1657 959 1698 futuram
990 1662 1106 1712 puto.
1176 1657 1340 1709 ‘QuidZ
1383 1658 1463 1698 hoc
1499 1658 1694 1712 placetne

91 1722 301 1764 veteranis
321 1722 440 1763 istis?
470 1721 621 1776 quibus
641 1722 778 1762 adhuc
806 1722 946 1763 omnia
976 1722 1143 1777 integra
1169 1723 1295 1762 sunt?
1358 1723 1472 1763 Nihil
1494 1723 1577 1763 vidi
1605 1729 1693 1765 tam

90 1787 300 1841 integrum
333 1801 459 1842 quam
491 1791 540 1827 ut
569 1801 811 1841 oppugnare
839 1786 1137 1842 imperatorem
1170 1787 1384 1842 incipiant,
1418 1802 1541 1842 quem
1571 1793 1693 1830 tanto

91 1851 231 1893 studio
277 1866 566 1906 consensuque
614 1851 880 1893 offenderint.
943 1852 1175 1904 ‘Quoniam
1218 1867 1293 1893 vos
1336 1852 1694 1894 assentationibus

91 1921 136 1958 et
181 1916 399 1957 venenatis
445 1915 687 1956 muneribus
726 1916 932 1958 venistis.'
1005 1916 1240 1972 Depravati
1282 1931 1337 1957 an
1371 1917 1556 1972 corrupti
1596 1923 1695 1959 sunt

95 1983 248 2038 quibus
287 1997 532 2037 persuasum
573 1983 629 2024 sit
668 1983 953 2024 foedissimum
996 1985 1159 2026 hostem
1191 1985 1428 2038 justissimo
1460 1986 1569 2026 bello
1603 2001 1694 2041 per-

91 2048 234 2103 sequi?
296 2052 306 2069 ⁶
322 2048 383 2087 At
403 2046 604 2088 militibus
626 2047 796 2088 inclusis
817 2062 939 2102 opem
959 2048 1093 2090 fertis.
1157 2049 1271 2089 Nihil
1302 2064 1442 2090 moror
1463 2065 1535 2091 eos
1556 2051 1694 2092 salvos

91 2128 196 2164 csse,
228 2117 271 2154 et
298 2112 358 2153 ire
393 2126 474 2167 quo
499 2111 682 2165 jubetis:
717 2117 884 2153 tantum
919 2113 1042 2154 modo
1075 2114 1293 2169 patiantur
1330 2115 1465 2169 perire
1502 2130 1596 2156 eum
1625 2117 1693 2171 qui

137 2227 208 2257 Ser.
236 2225 388 2265 Galbam]
436 2224 554 2255 Armed
577 2224 654 2255 with
674 2224 728 2254 the
756 2224 873 2264 dagger
915 2224 947 2261 b,
965 2234 999 2255 as
1015 2225 1040 2255 it
1055 2224 1164 2254 stands
1187 2225 1219 2255 in
1236 2234 1323 2255 some
1340 2225 1486 2256 editions.

91 2270 167 2300 with
183 2269 284 2300 which
301 2269 341 2299 he
363 2268 458 2298 killed
483 2268 609 2298 Caesar.
656 2267 707 2297 He
723 2277 786 2297 was
812 2277 873 2297 one
961 2269 1066 2297 omnia
1098 2269 1223 2307 iuteyra
1254 2268 1344 2308 suut]
1395 2270 1486 2300 ‘who
1523 2269 1602 2300 have
1636 2271 1694 2301 sull

90 2312 127 2344 of
139 2312 282 2343 Caesar’s
298 2311 463 2347 assassins,
477 2311 538 2340 and
551 2320 629 2340 once
646 2310 755 2340 sei-ved
772 2310 873 2340 under
917 2310 1032 2350 liberty
1058 2314 1091 2340 to
1118 2315 1168 2340 801
1194 2321 1228 2340 as
1255 2311 1329 2350 they
1354 2312 1481 2351 please,’
1499 2318 1506 2329 ⁶
1521 2313 1590 2342 who
1615 2313 1694 2344 have

91 2355 206 2385 himin
223 2355 325 2386 Gallia
348 2355 401 2395 (B.
420 2354 459 2385 G.
476 2354 519 2383 iii.
539 2353 582 2394 l).
620 2353 687 2383 Ser.
716 2353 874 2392 Sulpicius
919 2357 976 2383 not
1007 2353 1190 2383 committed
1221 2354 1442 2391 themselves;¹
1482 2356 1542 2385 and
1571 2357 1694 2387 various

92 2397 196 2429 Galba
227 2407 289 2428 was
319 2397 375 2427 the
406 2399 551 2427 ancestor
574 2396 610 2426 of
644 2396 697 2426 the
723 2405 869 2436 emperor
914 2396 1006 2426 other
1018 2406 1112 2435 ways.
1144 2397 1304 2426 Antonius
1321 2408 1428 2427 means
1441 2399 1510 2428 that
1526 2399 1580 2429 the
1597 2400 1693 2429 Vete-

93 2440 206 2471 Galba.
914 2439 982 2469 rani
1007 2439 1068 2469 had
1090 2443 1145 2469 not
1161 2445 1215 2479 yet
1235 2450 1316 2479 gone
1339 2445 1392 2470 too
1408 2441 1475 2478 sar3
1500 2442 1573 2481 they
1592 2443 1694 2482 might

135 2483 315 2522 quaestoris
344 2484 394 2512 sui
425 2484 482 2512 aut
520 2480 742 2520 imperatoris]
791 2480 869 2510 Men
916 2482 981 2512 still
1003 2492 1093 2512 come
1110 2482 1188 2512 back
1204 2487 1238 2513 to
1254 2483 1331 2513 him.
1368 2484 1478 2515 Cicero
1494 2485 1626 2524 replies:
1654 2486 1690 2515 *Ι

91 2525 163 2556 who
188 2526 250 2555 had
275 2525 385 2555 served
412 2524 512 2554 under
539 2524 616 2560 him,
632 2523 723 2553 when
746 2523 785 2553 he
809 2534 871 2554 was
916 2534 1011 2555 never
1027 2535 1088 2555 saw
1105 2535 1166 2565 any
1182 2526 1273 2565 thing
1289 2536 1324 2556 so
1341 2527 1404 2556 free
1420 2527 1501 2557 from
1518 2529 1558 2558 all
1582 2528 1692 2562 doubt,

91 2568 194 2598 either
210 2568 368 2601 Quaestor
383 2577 419 2597 or
432 2567 620 2606 Imperator.
667 2570 674 2583 ‘
688 2567 870 2599 Quaestoris
915 2577 951 2597 so
967 2578 1048 2607 open
1066 2568 1114 2599 for
1130 2579 1202 2599 men
1219 2572 1252 2599 to
1268 2569 1320 2605 do,
1333 2580 1368 2600 as
1383 2574 1415 2599 to
1432 2570 1524 2610 begin
1542 2576 1575 2601 to
1587 2572 1693 2601 attack

92 2610 160 2641 sui'
178 2620 250 2650 may
274 2610 364 2646 refer,
392 2620 426 2640 as
454 2609 619 2639 Manutius
646 2619 810 2649 supposes,
836 2614 870 2640 to
914 2620 954 2641 811
984 2611 1172 2651 Imperator,
1200 2615 1234 2642 to
1261 2612 1364 2643 whom
1396 2613 1469 2652 they
1494 2614 1572 2643 have
1602 2615 1691 2650 given

91 2653 147 2684 the
183 2654 260 2683 time
297 2653 387 2682 when
427 2652 587 2682 Antonius
624 2662 687 2681 was
725 2652 870 2683 Caesar's
914 2653 992 2684 such
1029 2654 1154 2685 studied
1194 2665 1286 2685 cause
1323 2656 1359 2685 of
1393 2656 1536 2686 offence.'
1597 2657 1692 2686 11111111

92 2696 250 2730 Quaestor
265 2696 298 2725 in
316 2695 418 2726 Gallia
435 2694 531 2735 (Phil.
548 2695 579 2724 ii.
598 2705 624 2725 c.
639 2694 708 2735 20).
913 2697 1017 2727 writes
1050 2700 1057 2714 ⁶
1072 2707 1142 2728 cum
1168 2701 1292 2728 tantum
1320 2699 1457 2728 studium
1489 2709 1692 2729 consensum-

139 2740 189 2774 17.
215 2739 292 2777 qnid
321 2748 383 2768 non
404 2760 433 2767 ..
453 2760 460 2767 .
484 2737 568 2776 quod
584 2737 712 2777 saciat]
762 2737 871 2774 Halm,
915 2749 977 2779 que
1006 2740 1223 2776 ostenderint‚‘
1259 2741 1313 2771 the
1344 2742 1418 2781 only
1452 2742 1610 2780 authority
1646 2742 1695 2771 for

92 2781 253 2819 following
265 2781 395 2820 Madvig
406 2780 468 2810 and
479 2780 617 2810 Weiske.
647 2780 715 2810 The
726 2790 871 2811 common
915 2783 1018 2813 which
1034 2783 1060 2814 is
1076 2783 1146 2814 that
1162 2787 1175 2813 t
1191 2784 1247 2814 has
1265 2787 1272 2800 ⁴
1286 2784 1504 2814 ostenderint.'

93 2824 223 2863 reading
239 2825 271 2853 in
288 2824 343 2853 the
359 2823 485 2862 printed
506 2823 606 2853 books
622 2833 684 2854 was
709 2826 715 2840 ¹
730 2823 872 2854 fecistis?
959 2835 1020 2865 quo
1027 2826 1166 2866 jubetis]
1195 2830 1203 2843 ‘
1216 2836 1279 2866 quo
1301 2827 1399 2860 lubet.
1417 2827 1440 2855 si
1458 2831 1580 2856 tautum
1598 2826 1692 2856 modo

96 2867 182 2900 Quid
209 2866 323 2903 sacia&
348 2869 405 2896 &c.
422 2876 430 2903 ς
461 2866 522 2896 and
540 2866 674 2906 perhaps
697 2866 722 2896 it
742 2876 813 2906 may
835 2866 875 2897 be
918 2869 1102 2908 patiuntur*
1122 2869 1229 2899 Halm.
1275 2870 1285 2899 i
1301 2869 1357 2899 has
1375 2873 1381 2886 ‘
1396 2869 1483 2899 lubet
1499 2869 1524 2899 si
1540 2868 1670 2899 tamen.'

94 2910 246 2950 right.—‘
258 2910 284 2940 si
311 2909 406 2940 modo
420 2908 438 2938 ι’
464 2912 488 2944 1,
517 2908 623 2939 Halm.
669 2911 676 2925 ‘
689 2909 714 2940 si
729 2909 824 2939 domo
836 2920 855 2940 a
866 2909 874 2922 ’
