1816 3211
712 181 844 224 OAP.
879 182 1003 225 5—7.
1579 187 1658 228 599

61 294 186 349 hujus
225 294 458 349 potentiam
498 295 658 351 poterit
687 295 925 337 sustinere?
967 294 1214 350 praesertim
1244 309 1372 350 quum
1407 296 1577 337 eosdem
1618 297 1660 338 in

60 374 184 415 agros
204 359 332 401 etiam
353 361 588 403 deduxerit.
652 361 754 414 Quis
785 375 983 416 umquam
1017 375 1161 402 omnes
1190 360 1341 410 tribus,
1371 360 1465 417 quis
1496 362 1660 416 equites

60 424 286 474 Romanos,
343 426 436 481 quis
490 427 682 468 tribunos
747 426 952 467 militares
977 427 990 467 ἓ
1080 426 1371 467 Gracchorum
1425 427 1661 481 potentiam

59 490 261 544 majorem
292 491 420 532 fuisse
460 492 722 533 arbitramini
763 507 889 547 quam
928 492 1051 547 hujus
1099 491 1346 547 gladiatoris
1390 491 1531 532 futura
1577 491 1660 532 sit?

60 569 183 610 quem
232 556 510 611 gladiatorem
561 572 645 598 non
691 557 752 599 ita
795 557 1010 613 appellavi,
1055 562 1105 598 ut
1153 557 1365 598 interdum
1415 556 1542 597 etiam
1595 555 1658 597 M.

61 621 277 662 Antonius
311 622 520 676 gladiator
554 623 753 677 appellari
787 623 906 673 solet,
945 623 1019 664 sed
1049 627 1097 663 ut
1123 622 1335 677 appellant
1366 621 1394 662 ii
1431 621 1502 676 qui
1537 621 1660 676 plane

60 691 104 727 et
146 686 296 727 Latine
337 687 578 742 loquuntur.
643 689 842 729 Mirmillo
874 689 916 729 in
948 688 1054 729 Asia
1085 687 1352 743 depugnavit.
1416 688 1555 740 Quum
1596 702 1661 727 or-

59 756 204 792 nasset
247 752 515 793 thraecidicis
555 753 752 793 comitem
793 759 836 794 et
876 753 1122 793 familiarem
1150 767 1284 801 suum,
1319 753 1435 793 illum
1462 753 1660 794 miserum

58 815 287 871 fugientem
323 816 563 871 jugulavit;
607 817 864 858 luculentam
896 822 1039 858 tamen
1080 817 1168 871 ipse
1203 818 1370 872 plagam
1401 818 1578 872 accepit,
1613 822 1662 858 ut

59 881 247 922 declarat
268 881 456 923 cicatrix.
520 882 599 935 Qui
621 882 867 923 familiarem
883 882 1101 937 jugularit,
1122 882 1220 936 quid
1242 882 1308 922 hic
1326 882 1545 922 occasione
1563 882 1661 923 data

59 945 186 987 faciet
218 946 412 988 inimico?
454 951 499 988 et
534 947 604 1002 qui
639 947 740 989 illud
781 948 907 989 animi
943 962 1093 988 caussa
1126 947 1287 996 fecerit,
1331 947 1440 987 hunc
1480 947 1661 1002 praedae

60 1025 210 1052 caussa
238 1011 337 1066 quid
369 1012 579 1052 facturum
611 1013 802 1067 putatis?
864 1012 960 1053 Non
992 1027 1137 1053 rursus
1169 1012 1381 1066 improbos
1413 1011 1660 1061 decuriabit,

58 1091 142 1117 non
172 1076 417 1118 sollicitabit
448 1092 592 1118 rursus
615 1078 816 1133 agrarios,
846 1093 930 1119 non
959 1082 1157 1133 queretur
1190 1077 1415 1132 expulsos?
1478 1076 1540 1117 M.
1563 1092 1661 1117 vero

60 1141 276 1182 Antonius
307 1157 391 1182 non
421 1142 456 1183 is
490 1143 569 1184 erit
601 1144 653 1183 ad
688 1158 812 1198 quem
845 1143 957 1184 omni
985 1148 1105 1184 motu
1140 1157 1367 1183 concursus
1399 1142 1475 1183 fiat
1511 1142 1662 1183 civium

58 1205 345 1261 perditorum?
406 1206 472 1249 Ut
492 1222 613 1248 nemo
636 1208 692 1249 sit
719 1208 823 1249 alius
845 1208 925 1249 nisi
958 1208 986 1248 ii
1020 1208 1090 1263 qui
1123 1222 1206 1248 una
1226 1212 1336 1256 sunt,
1359 1212 1403 1248 et
1434 1207 1462 1247 ii
1495 1207 1563 1262 qui
1595 1207 1662 1248 hic

58 1271 96 1311 ei
131 1285 241 1311 nunc
273 1276 419 1326 aperte
455 1272 609 1321 favent,
652 1287 854 1327 parumne
895 1278 1019 1314 erunt
1059 1273 1210 1314 multi?
1251 1271 1497 1327 praesertim
1534 1286 1661 1326 quum

58 1336 261 1376 bonorum
297 1337 507 1391 praesidia
543 1337 825 1386 discesserint,
863 1337 920 1378 illi
955 1337 1093 1392 parati
1126 1337 1212 1378 sint
1245 1338 1296 1377 ad
1327 1342 1476 1378 nutum
1504 1337 1660 1379 futuri?

60 1400 155 1456 Ego
176 1415 272 1441 vero
294 1406 448 1452 metuo,
473 1402 508 1442 si
529 1402 607 1443 hoc
630 1407 820 1457 tempore
849 1402 1019 1443 consilio
1051 1402 1155 1457 lapsi
1188 1402 1352 1448 erimus,
1374 1417 1425 1442 ne
1457 1402 1514 1442 illi
1546 1402 1660 1443 brevi

59 1470 246 1520 tempore
267 1466 390 1506 nimis
421 1467 538 1507 multi
569 1468 690 1508 nobis
720 1483 811 1508 esse
839 1468 1073 1508 videantur.
1136 1466 1225 1508 Nec
1262 1482 1339 1522 ego
1370 1482 1516 1522 pacem
1549 1467 1656 1517 nolo,

59 1531 133 1571 sed
156 1531 269 1584 pacis
290 1531 455 1572 nomine
477 1532 630 1572 bellum
652 1533 893 1573 obvolutum
916 1532 1150 1574 reformido.
1214 1532 1351 1584 Quare
1383 1532 1417 1572 si
1446 1546 1548 1587 pace
1580 1532 1659 1572 frui

58 1596 259 1645 volumus,
284 1597 437 1637 bellum
464 1598 693 1649 gerendum
723 1606 799 1639 est.
863 1598 907 1639 Si
941 1598 1094 1638 bellum
1127 1597 1383 1644 omittemus,
1407 1612 1509 1651 pace
1542 1611 1658 1637 num-

58 1676 181 1715 quam
201 1661 400 1702 fruemur.
464 1661 573 1702 VII.
607 1662 692 1704 Est
723 1667 863 1703 autem
886 1663 1014 1704 vestri
1046 1663 1218 1711 consilii,
1242 1668 1386 1717 patres
1417 1661 1654 1716 conscripti,

57 1725 99 1765 in
120 1730 334 1780 posterum
357 1740 482 1780 quam
504 1726 744 1782 longissime
766 1727 997 1782 providere.
1061 1726 1222 1767 Idcirco
1245 1727 1285 1766 in
1309 1727 1386 1767 hac
1405 1727 1596 1767 custodia
1613 1731 1657 1768 ct

57 1796 273 1845 ‘tamquam
297 1790 380 1846 [in]
410 1791 582 1846 specula
614 1792 807 1833 collocati
837 1806 992 1841 sumus,
1026 1796 1074 1832 ut
1104 1806 1280 1832 vacuum
1311 1797 1426 1832 metu
1459 1792 1656 1845 populum

59 1854 294 1896 Romanum
324 1861 471 1897 nostra
498 1856 637 1912 vigilia
670 1861 714 1898 et
745 1857 1044 1912 prospicientia
1075 1857 1357 1897 redderemus.
1421 1856 1560 1910 Turpe
1592 1861 1657 1897 est

57 1934 219 1960 summo
240 1920 410 1961 consilio
441 1921 554 1962 orbis
584 1927 733 1972 terrae,
762 1922 1007 1977 praesertim
1040 1921 1082 1961 in
1114 1936 1158 1962 re
1179 1927 1267 1962 tam
1300 1920 1531 1975 perspicua,
1557 1935 1655 1961 con-

57 1984 194 2025 silium
215 1984 389 2040 intelligi
406 1986 601 2028 defuisse.
665 1986 753 2028 Eos
771 1986 961 2027 consules
978 1987 1192 2035 habemus,
1209 2001 1299 2027 eam
1318 1986 1456 2041 populi
1475 1985 1654 2026 Romani

56 2047 334 2099 alacritatem,
367 2064 461 2090 eum
494 2065 742 2092 consensum
778 2051 938 2100 Italiae,
975 2065 1047 2091 eos
1080 2051 1219 2099 duces,
1253 2066 1324 2091 eos
1355 2051 1576 2099 exercitus,
1607 2055 1654 2091 ut

58 2113 211 2153 nullam
233 2114 513 2155 calamitatem
543 2130 610 2156 res
640 2115 807 2170 publica
827 2115 1015 2170 accipere
1045 2116 1179 2170 possit
1200 2115 1288 2155 sine
1311 2115 1432 2169 culpa
1466 2121 1652 2156 senatus.

60 2177 269 2234 Equidem
290 2193 372 2219 non
390 2179 538 2220 deero:
569 2181 760 2227 monebo,
785 2180 1035 2234 praedicam,
1053 2179 1320 2228 denuntiabo,
1341 2179 1532 2219 testabor
1546 2194 1652 2219 sem-

57 2258 133 2297 per
164 2243 264 2284 deos
285 2243 554 2299 hominesque
576 2245 673 2300 quid
705 2245 895 2290 sentiam,
930 2259 1005 2285 nec
1036 2244 1170 2285 solum
1200 2244 1325 2284 fidem
1356 2258 1504 2293 meam,
1539 2245 1650 2299 quod

58 2308 237 2348 fortasse
277 2307 468 2349 videatur
507 2309 611 2350 satis
651 2323 754 2359 esse,
797 2310 871 2350 sed
902 2309 945 2349 in
986 2308 1171 2364 principe
1212 2308 1292 2349 civi
1321 2322 1403 2349 non
1437 2321 1502 2350 est
1534 2310 1649 2360 satis,

59 2386 214 2424 curam,
239 2373 456 2414 consilium
478 2373 814 2429 vigilantiamque
836 2374 1072 2429 praestabo.

102 2479 240 2518 eosdem]
289 2479 395 2509 Thosc
411 2479 480 2508 who
503 2480 624 2509 erocted
643 2491 661 2510 a
677 2483 780 2510 statue
801 2481 834 2510 in

57 2522 182 2552 honour
198 2522 233 2551 of
247 2522 309 2551 him
330 2522 538 2561 (Manutius).
580 2523 639 2552 ‘In
664 2533 756 2561 agros
774 2546 780 2553 .
800 2546 807 2553 .
826 2546 833 2553 .

58 2563 245 2594 ‹leduxerit’
273 2575 380 2594 means
405 2569 437 2594 to
463 2565 554 2595 settle
582 2576 653 2594 men
679 2576 720 2595 on
746 2566 835 2596 lands

58 2607 161 2637 which
178 2607 255 2636 have
271 2607 349 2636 been
366 2608 565 2645 granted—¹
579 2608 657 2640 Quis
683 2619 834 2648 umquam

59 2660 168 2680 omnes
185 2650 285 2679 tribus
300 2650 318 2679 :’
345 2650 413 2679 that
429 2651 465 2686 is,
483 2654 490 2667 ⁴
503 2651 657 2680 sustinere
674 2651 812 2691 poterit!

104 2694 222 2723 Latine
238 2693 429 2732 loquuntur]
479 2694 538 2723 Sco
560 2694 648 2723 verr.
667 2694 697 2723 ii.
713 2696 742 2729 ⁴,
760 2705 785 2724 c.
804 2697 833 2724 2.

63 2736 149 2766 llere
180 2736 232 2765 the
256 2736 340 2765 word
370 2737 481 2774 ‘plane
494 2736 501 2748 ’
533 2736 622 2776 helps
650 2740 682 2766 to
711 2738 835 2776 explain

63 2782 70 2795 ⁴
85 2778 218 2808 Latine.’
278 2779 465 2808 Sometimes
503 2779 542 2809 he
577 2790 647 2818 says
687 2783 693 2796 ¹
708 2779 819 2810 Latino
831 2779 838 2792 ¹

63 2822 137 2861 only
151 2833 158 2851 ι
185 2825 204 2838 “
219 2822 243 2851 si
260 2821 370 2851 Latine
382 2822 467 2861 loqui
479 2822 624 2851 volumus
637 2822 656 2833 ''
673 2822 748 2862 (Pro
760 2823 839 2853 Cae-

882 2483 889 2497 ⁴
900 2480 1097 2510 thraecidicis
1109 2479 1130 2509 ε’
1154 2480 1228 2510 with
1246 2481 1301 2511 the
1316 2481 1472 2512 Thracian
1488 2492 1572 2512 arms
1589 2483 1654 2513 ofa

879 2523 1045 2561 gladiator.
1090 2523 1120 2553 A
1137 2523 1290 2554 Mirmillo
1307 2535 1369 2555 was
1383 2526 1526 2555 matched
1544 2526 1619 2556 with
1635 2537 1654 2556 a

879 2566 997 2596 Thrax.

923 2609 1024 2638 animi
1040 2609 1168 2649 caussa]
1197 2609 1266 2639 ‘for
1282 2609 1330 2640 his
1352 2611 1571 2641 amusement?
1596 2612 1654 2641 Sec

880 2651 990 2687 Index,
1005 2651 1074 2681 Vol.
1090 2652 1121 2681 ii.
1135 2663 1142 2688 ;
1157 2652 1219 2681 and
1236 2653 1314 2682 Phil.
1327 2654 1390 2683 xiii.
1406 2665 1431 2683 e.
1448 2655 1550 2684 12.—·
1565 2665 1653 2691 agra-

880 2695 942 2724 rios
957 2694 976 2724 :’
1001 2694 1092 2724 those
1108 2695 1178 2725 who
1195 2696 1316 2725 wanted
1351 2697 1451 2726 lands.
1466 2714 1506 2718 —
1520 2700 1526 2713 ⁴
1543 2707 1654 2736 querc-

880 2741 932 2767 tur
946 2736 965 2767 :’
992 2740 1121 2777 ‘queret
1134 2737 1140 2749 ’
1157 2748 1185 2773 a,
1203 2742 1210 2755 ⁴
1223 2738 1371 2778 ‹maeret'
1389 2739 1423 2769 b'-’
1440 2750 1469 2777 g.

928 2781 957 2815 7.
981 2781 1126 2820 specula]
1176 2783 1234 2810 See
1250 2781 1304 2811 the
1322 2782 1431 2817 ludex,
1444 2782 1514 2811 vol.
1533 2782 1563 2811 ii.
1605 2781 1656 2811 He

884 2833 954 2863 says
987 2827 994 2840 ‘
1008 2824 1253 2864 prospicientia‚'
1284 2835 1318 2853 ns
1344 2835 1362 2854 a
1393 2825 1537 2864 ‘specula
1552 2823 1558 2835 ’
1587 2824 1612 2852 is
1639 2834 1657 2853 a

66 2864 146 2900 cina,
159 2874 186 2894 c.
203 2864 324 2904 21).---ί
338 2864 489 2894 Mirmillo
504 2863 523 2893 :'
548 2875 593 2894 we
606 2865 684 2895 have
700 2865 760 2895 had
777 2866 840 2896 this
885 2866 973 2907 place
990 2869 997 2883 ⁴
1010 2867 1093 2896 unde
1108 2867 1242 2906 prospici
1260 2868 1386 2906 potest!
1425 2867 1527 2898 Thero
1543 2867 1568 2897 is
1584 2866 1658 2896 here

67 2909 152 2947 story
164 2907 250 2937 often
263 2907 359 2947 (Phil.
373 2907 416 2937 iii.
427 2917 454 2938 c.
469 2908 517 2944 12,
528 2907 588 2937 and
603 2908 841 2950 elsewhere).—
885 2919 904 2939 a
918 2909 1048 2949 reading
1064 2913 1072 2926 ⁴
1084 2909 1304 2949 providentia!
