1816 3211
0 160 32 183 'A
64 131 528 188 20de
564 103 704 170 fd

56 342 67 367 l

57 1070 60 1071 ⁷
107 1072 218 1113 enim
251 1072 424 1113 Milonis
453 1072 546 1127 lege
582 1071 725 1113 Plotia
757 1071 837 1112 fuit
866 1070 1036 1112 Clodius
1067 1071 1205 1126 quoad
1233 1069 1352 1111 vixit.

743 97 1037 161 masaa:
1090 139 1102 147 ,

750 174 884 217 GAP.
925 176 985 224 13,
1038 175 1078 214 4.
1632 174 1707 214 34]

108 289 252 345 adepti
274 290 378 332 estis
399 305 452 331 ne
474 305 598 346 quem
620 289 750 331 civem
771 288 1041 330 metueretis:
1070 286 1137 328 hic
1160 285 1509 328 exercitationem
1530 285 1711 335 virtutis,

108 355 453 410 suffanti011e111
475 355 732 412 consulatus,
756 355 915 395 fontem
946 367 1171 408 perennem
1204 352 1363 408 gloriae
1385 366 1483 392 suae
1515 351 1712 405 perdidit.

110 419 260 475 Itaque
284 421 458 462 Milonis
480 421 735 469 consulatus,
761 421 829 475 qui
850 419 942 461 vivo
966 418 1114 460 Clodio
1135 417 1382 459 labefactari
1414 431 1498 457 non
1527 420 1710 471 poterat,

107 490 273 526 mortuo
315 486 492 541 denique
534 485 729 541 temptari
771 489 947 540 coeptus
988 489 1066 525 est.
1144 483 1240 524 Non
1280 483 1406 523 modo
1447 481 1576 536 igitur
1612 480 1713 521 nihil

107 551 292 605 prodest,
327 552 401 592 sed
429 552 552 592 obest
587 551 714 592 etiam
752 549 887 592 Clodii
918 564 1031 590 mors
1067 548 1358 589 Miloni.—At
1393 547 1524 588 valuit
1559 546 1713 592 odium,

107 616 209 657 fecit
242 616 386 664 iratus,
411 616 511 657 fecit
537 615 741 665 inimicus,
775 615 855 656 fuit
884 615 996 656 ultor
1022 613 1209 668 injuriae,
1246 613 1417 668 punitor
1450 611 1606 653 doloris
1637 611 1712 652 sui.

110 681 232 733 Quid,
255 682 291 722 si
322 682 437 732 haec,
463 696 546 721 non
580 680 674 721 dico
695 681 857 734 majora
878 680 1048 721 fuerunt
1076 680 1118 720 in
1141 678 1287 720 Clodio
1310 693 1434 734 quam
1468 678 1510 718 in
1539 677 1712 725 Milone,

108 747 183 787 sed
219 746 261 786 in
283 747 352 787 illo
374 746 570 794 maxima,
595 745 708 785 nulla
729 745 902 808 isi-1¹93?
919 745 1018 800 quid
1039 745 1165 786 vultis
1190 744 1369 798 amplius
1387 744 1400 784 ἓ
1463 743 1572 795 Quid
1603 742 1715 784 enim

108 811 269 853 odisset
300 811 492 853 Clodium
522 794 854 871 11111οβἔέξο10111
887 825 937 851 ac
971 794 1192 866 ffisszitffiiem
1224 824 1325 850 suae
1350 808 1521 864 gloriae,
1545 813 1715 863 praeter

108 877 188 917 hoc
210 876 328 918 civile
350 876 490 917 odium
513 891 593 931 quo
612 890 756 917 omnes
778 875 991 930 improbos
1009 875 1173 916 odimus
1191 875 1204 914 ἓ
1262 873 1336 914 1110
1358 878 1450 914 erat
1470 878 1519 913 ut
1541 873 1713 920 odisset,

107 941 288 996 primum
318 941 577 982 defensorem
611 940 760 981 salutis
792 955 920 989 meae,
945 939 1096 980 deinde
1116 943 1362 995 vexatorem
1394 937 1559 987 furoris,
1585 937 1714 977 domi·
1746 948 1791 987 -J

107 1013 244 1048 torem
265 1022 477 1048 armorum
497 1022 680 1057 suorum,
713 1010 928 1061 postremo
951 1005 1078 1046 etiam
1115 1009 1410 1046 accusatorem
1437 1018 1583 1045 suum:
1618 1018 1714 1044 reus

1415 1069 1508 1121 Ωιιο
1541 1069 1714 1110 tandem

107 1137 245 1178 animo
268 1137 348 1178 hoc
370 1142 595 1192 tyrannum
616 1137 732 1177 illum
754 1136 900 1177 tulisse
923 1135 1126 1177 creditis?
1151 1143 1354 1190 quantum
1376 1134 1517 1176 odium
1538 1133 1648 1175 illius
1669 1139 1714 1175 et

109 1200 151 1241 in
173 1202 341 1242 homine
362 1202 519 1256 injusto
541 1217 666 1257 quam
687 1201 813 1242 etiam
832 1201 998 1255 justum
1018 1200 1175 1241 fuisse?

169 1267 304 1309 XIV.
337 1267 561 1323 Reliquum
586 1272 653 1308 est
682 1272 730 1307 ut
757 1267 847 1321 jam
877 1265 992 1306 illum
1025 1270 1179 1307 natura
1211 1265 1342 1320 ipsius
1370 1265 1713 1320 consuetudoque

110 1333 321 1381 defendat,
345 1333 455 1374 hunc
485 1337 629 1374 autem
659 1332 763 1372 haec
793 1331 940 1372 eadem
971 1329 1397 1388 coarguant—Nihil
1428 1344 1501 1383 per
1520 1328 1603 1370 vim
1623 1344 1711 1369 um-
1767 1349 1809 1363 >m

110 1413 235 1453 quam
269 1398 453 1446 Clodius,
490 1397 628 1438 onmia
664 1411 739 1451 per
774 1395 857 1436 vim
897 1395 1191 1448 Mile—Quid
1227 1409 1340 1450 ergo,
1372 1394 1549 1449 judices,
1585 1408 1711 1449 quum

109 1463 394 1504 maerentibus
427 1463 546 1503 vobis
581 1463 684 1502 urbe
722 1461 842 1511 cessi,
874 1460 1134 1515 judiciumne
1163 1459 1295 1507 timui,
1326 1474 1410 1500 non
1443 1473 1598 1509 servos,
1628 1474 1712 1500 non

107 1544 237 1578 arma,
262 1544 344 1569 non
366 1528 476 1569 vim?
539 1527 656 1579 Quae
684 1527 834 1567 fuisset
862 1526 991 1580 igitur
1022 1526 1139 1580 justa
1165 1540 1313 1567 caussa
1333 1524 1585 1566 restituendi
1616 1525 1710 1574 mei,

108 1594 187 1636 nisi
207 1593 357 1634 fuisset
383 1593 541 1648 injusta
563 1592 784 1647 ejiciendi?
845 1591 970 1631 Diem
1002 1590 1113 1639 mihi,
1148 1591 1284 1640 credo,
1309 1590 1487 1637 dixerat,
1511 1589 1718 1663 mulctat}

108 1659 326 1714 irrogarat,
359 1658 570 1700 actionem
601 1657 898 1713 perduellionis
929 1657 1197 1715 intenderam
1234 1660 1277 1696 et
1310 1655 1410 1695 mihi
1444 1636 1816 1697 videlieef‘in‘ssfiss

109 1739 258 1767 caussa
279 1730 353 1766 aut
374 1725 484 1765 mala
505 1729 580 1765 aut
601 1738 708 1773 mea,
733 1738 815 1763 non
837 1727 881 1764 et
903 1721 1237 1776 praeclarissima
1259 1726 1302 1762 et
1323 1725 1476 1770 vestra,
1506 1720 1712 1775 judicium

107 1790 339 1832 timendum
374 1790 465 1830 fuit.
531 1789 754 1830 Servorum
791 1793 834 1829 et
870 1787 1084 1843 egentium
1118 1786 1266 1827 civium
1303 1796 1346 1826 et
1381 1785 1712 1826 facinorosorum

108 1855 234 1896 armis
255 1870 371 1896 meos
393 1854 515 1905 cives,
539 1854 643 1895 meis
665 1853 848 1895 consiliis
869 1852 1146 1908 periculisque
1168 1855 1368 1900 servatos,
1403 1866 1477 1906 pro
1498 1865 1564 1891 1110
1586 1851 1713 1907 objici

108 1920 235 1962 nolui.
299 1920 401 1961 Vidi
423 1919 545 1971 enim,
571 1919 670 1970 vidi,
693 1919 802 1960 hunc
824 1919 960 1974 ipsum
983 1917 1034 1970 Ω.
1058 1916 1348 1967 Hortensium,
1367 1915 1506 1957 lumen
1528 1920 1572 1957 et
1593 1931 1712 1957 orna-

144 2064 274 2103 sontem
291 2086 299 2094 .
318 2086 325 2094 .
344 2087 351 2094 .
367 2064 505 2104 gloriae]
553 2065 732 2098 Quintilian
759 2065 836 2106 (viii.
854 2066 884 2100 6,

112 2108 166 2146 7):
196 2110 215 2124 “
230 2107 339 2137 Cicero
364 2117 420 2147 pro
446 2107 567 2137 Milone
594 2108 741 2139 Clodium
755 2109 887 2146 sontem

109 2151 234 2189 ylariae
255 2150 323 2189 ejus
350 2153 441 2180 vocat
464 2153 496 2180 et
518 2151 578 2180 alio
602 2151 670 2181 loco
693 2154 828 2191 seyelem
850 2160 888 2181 ac

110 2193 312 2223 materiem.''

155 2237 202 2265 At
216 2236 318 2265 valuit
334 2235 458 2275 ollium]
509 2236 608 2266 “The
632 2235 747 2266 second
771 2239 842 2276 part
857 2236 892 2266 of

111 2277 167 2308 the
186 2279 354 2317 probabile
381 2288 421 2308 eoe
446 2288 556 2309 caussa
571 2279 590 2292 '’
624 2278 816 2320 (Halm).—‘
831 2279 890 2309 Ille

112 2324 178 2350 erat
193 2325 229 2350 ut
243 2321 262 2351 :’
289 2325 296 2338 ⁴
309 2321 361 2351 1110
373 2321 380 2334 ’
397 2321 424 2351 15
440 2321 581 2352 Clodius.

156 2365 223 2403 leye
248 2363 377 2403 Plotia]
413 2364 462 2394 De
486 2364 525 2395 vi.
561 2365 619 2395 See
642 2364 696 2395 the
722 2364 888 2395 Introduc-

111 2406 245 2436 tion—¹
259 2407 375 2446 injusto
389 2406 408 2436 :’
445 2416 531 2438 some
547 2407 670 2447 printed
695 2408 793 2438 books
812 2408 891 2437 have

113 2449 241 2488 ‘justo‚’
280 2459 298 2479 a
328 2449 477 2489 printer’s
514 2451 658 2488 mistake,
693 2451 708 2481 I
743 2460 890 2490 suppose.

112 2492 222 2522 Cicero
239 2493 265 2521 is
282 2492 409 2532 playing
424 2502 465 2522 011
481 2493 536 2523 the
551 2494 653 2523 words
666 2505 672 2523 :
701 2497 708 2510 ⁴
723 2493 793 2524 how
805 2497 893 2533 great

111 2535 160 2564 his
179 2534 356 2575 (Clodius')
376 2535 496 2571 hatred,
513 2536 575 2566 and
590 2537 622 2566 in
637 2547 678 2567 an
694 2537 803 2576 unjust
819 2547 892 2566 man

111 2578 183 2608 how
195 2578 262 2617 just
273 2577 293 2614 ;'
318 2578 400 2608 what
415 2579 497 2617 good
512 2589 640 2609 reasons
656 2580 694 2610 he
711 2580 772 2610 had
789 2581 837 2610 for
853 2580 887 2610 it.

159 2622 207 2651 14.
241 2622 412 2660 Reliquum
439 2621 501 2661 est]
564 2623 648 2652 Here
685 2622 796 2662 begins
833 2623 888 2653 the

112 2667 119 2680 ‘
134 2664 299 2703 probabile
314 2674 352 2694 ex
369 2663 454 2699 vita‚’
471 2664 583 2700 which,
600 2665 674 2694 with
691 2665 745 2695 the
763 2666 887 2695 Roman

110 2711 243 2743 orators,
267 2707 426 2746 generally
443 2716 574 2746 appears
590 2713 623 2737 at
639 2708 693 2737 the
717 2708 889 2748 beginning

110 2750 146 2780 of
166 2750 221 2780 the
248 2749 349 2789 proof.
377 2749 468 2779 while
496 2750 550 2779 the
581 2750 702 2781 Greeks
728 2752 886 2791 generally

110 2796 169 2832 put
183 2793 208 2823 it
218 2794 297 2822 after
312 2792 507 2832 (llalm).—‘
518 2793 583 2831 jam
600 2793 688 2823 illum
701 2793 720 2823 :¹
746 2794 886 2825 Clodius.

112 2836 165 2866 He
180 2836 206 2866 is
222 2836 375 2875 speaking
390 2835 562 2875 ironically.

154 2880 248 2909 Diem
265 2880 355 2915 mihi,
372 2878 477 2915 credo,
494 2878 640 2918 (ἦψεν-αἰ]
670 2878 721 2909 He
734 2879 760 2909 is
779 2879 891 2919 speak-

109 2921 165 2961 ing
179 2922 352 2961 ironically‚
370 2931 403 2952 as
419 2921 474 2951 the
490 2924 620 2951 context
634 2921 748 2960 shows,
763 2922 824 2952 and
836 2922 891 2952 the

930 2063 1010 2094 facts
1034 2062 1070 2093 of
1088 2062 1143 2092 the
1166 2071 1236 2092 case
1262 2061 1316 2092 tell
1333 2071 1379 2091 us.
1427 2060 1486 2091 See
1514 2061 1574 2091 Pro
1600 2060 1712 2095 Sestio,

932 2117 958 2137 c.
981 2108 1034 2144 44,
1058 2109 1132 2135 note
1158 2115 1200 2135 on
1229 2104 1330 2134 ‘diem
1362 2104 1486 2134 dicere!
1534 2104 1712 2134 ‘Mulctam

932 2150 1069 2187 irrogare
1081 2147 1088 2161 ’
1113 2158 1220 2178 means
1236 2148 1292 2178 the
1308 2147 1479 2187 proposing
1495 2146 1530 2176 of
1541 2157 1559 2176 a
1577 2147 1712 2185 Rogatio

933 2196 967 2223 to
983 2192 1037 2222 the
1055 2192 1194 2231 Populus
1210 2192 1258 2221 for
1273 2191 1328 2220 the
1343 2200 1480 2230 purpose
1496 2190 1531 2219 of
1554 2190 1713 2229 imposiug

933 2246 951 2266 a
968 2235 1136 2274 pecuniary
1161 2235 1288 2274 penalty
1313 2244 1355 2264 011
1378 2244 1396 2263 a
1423 2243 1548 2273 person.
1596 2233 1627 2262 It
1650 2242 1712 2262 was

933 2289 952 2309 a
977 2278 1146 2317 ‘judicium
1174 2277 1305 2317 populi.’
1353 2276 1446 2307 Since
1471 2276 1524 2306 the
1547 2275 1712 2306 establish-

935 2324 1023 2351 ment
1052 2320 1088 2350 of
1110 2321 1166 2351 the
1191 2320 1399 2353 Quaestiones
1430 2323 1599 2359 perpetuae
1631 2323 1711 2359 (11.0.

938 2364 1012 2405 149)
1036 2364 1090 2394 the
1107 2363 1245 2394 Comitia
1262 2363 1447 2393 Centuriam
1463 2362 1537 2402 only
1555 2362 1711 2392 exereised

935 2417 953 2437 a
979 2406 1168 2446 ‘judicium’
1185 2407 1218 2436 in
1245 2406 1337 2436 those
1353 2405 1490 2436 Caussae
1506 2405 1656 2444 capitales
1680 2405 1711 2434 iu

936 2450 1037 2480 which
1065 2449 1154 2480 there
1183 2459 1247 2479 was
1278 2459 1319 2479 no
1351 2448 1503 2481 Quaestio
1541 2453 1712 2488 perpetum

936 2493 998 2523 and
1039 2492 1213 2522 l'erduellio
1244 2502 1306 2522 was
1337 2501 1397 2522 0110
1428 2492 1464 2521 of
1501 2491 1590 2521 these
1627 2501 1712 2520 cases

938 2536 1024 2576 (Vol.
1042 2536 1063 2565 i.
1079 2534 1258 2575 Jumcm).
1306 2534 1436 2565 Clodius
1460 2534 1520 2564 had
1548 2538 1603 2564 not
1628 2544 1712 2563 eom-

933 2579 1064 2609 menced
1091 2579 1295 2618 proceedings
1316 2578 1439 2616 against
1461 2577 1582 2612 Cicero,
1599 2576 1655 2606 but
1674 2577 1712 2605 he

933 2622 994 2652 had
1021 2621 1206 2652 threatened
1233 2621 1297 2651 him
1327 2620 1367 2660 by
1395 2620 1451 2650 the
1480 2624 1577 2650 ternis
1603 2620 1638 2649 of
1666 2619 1712 2648 his

934 2665 1011 2701 Lex,
1045 2665 1129 2697 ‘Qui
1157 2665 1256 2694 civem
1285 2664 1466 2693 Romanum
1492 2662 1709 2692 indemnatum

932 2707 1168 2743 interemisset‚’
1214 2707 1262 2737 for
1295 2706 1379 2736 what
1417 2706 1472 2736 the
1510 2709 1616 2735 senate
1652 2703 1710 2732 had

932 2751 1024 2786 done,
1042 2761 1084 2781 on
1108 2750 1250 2781 Cicero's
1273 2750 1391 2785 advice,
1409 2749 1441 2778 111
1466 2748 1521 2778 the
1542 2751 1656 2777 matter
1680 2746 1715 2774 os

932 2794 1097 2825 Catiliua’s
1117 2793 1296 2828 associatos,
1313 2792 1384 2821 who
1400 2801 1480 2822 were
1497 2794 1553 2829 put
1570 2794 1601 2818 to
1617 2788 1711 2817 ‹lt-:uh

936 2841 1082 2877 contrary
1098 2840 1131 2866 to
1150 2837 1275 2866 Roman
1292 2836 1349 2865 law
1366 2835 1498 2864 without
1515 2843 1533 2861 a
1549 2831 1628 2861 trial.

983 2881 1192 2910 Hortensium
1224 2901 1231 2909 .
1250 2901 1257 2908 .
1277 2901 1284 2908 .
1318 2887 1414 2917 quum
1453 2876 1531 2905 mila·
1571 2872 1708 2911 adesset]

939 2922 1129 2953 Hortensius
1153 2922 1185 2952 in
1212 2931 1276 2952 n.c.
1294 2923 1334 2951 58
1355 2918 1462 2958 joined
1489 2917 1542 2945 the
1570 2915 1711 2954 Equites,

1754 1869 1816 1916 ‘⁰7
