1816 3211
76 199 158 238 5202
342 198 520 240 ORAT.
555 198 674 239 PRO
708 198 754 240 C.
788 195 1046 238 RABIRIO
1082 195 1374 237 POSTUMO

76 314 179 361 erat,
203 311 276 352 sed
303 313 356 352 ad
381 311 430 353 P.
456 312 623 353 Lentuli
657 311 871 353 clarissimi
903 310 976 351 viri
1008 309 1308 350 auctoritatem
1338 322 1364 348 a
1393 312 1542 349 senatu
1574 322 1667 362 pro-

76 372 244 422 fectam,
267 378 310 414 et
332 374 502 414 consilio
526 380 642 415 certo
666 379 708 414 et
729 388 802 428 spe
825 388 906 413 non
930 372 1066 419 dubia,
1091 372 1267 410 Romam
1289 369 1598 424 contenderat]

134 439 197 479 At
233 439 442 480 dioecetes
483 439 561 478 fuit
596 438 870 492 regius—Et
903 437 1068 491 quidem
1110 436 1150 475 in
1193 434 1382 475 custodia
1422 434 1548 475 etiam
1589 434 1669 474 fuit

77 503 217 558 regia3
253 509 295 544 et
317 504 402 544 vita
424 504 514 557 ejus
536 503 676 543 ablata
698 516 829 556 paene
851 506 929 542 est.
993 500 1133 541 Multa
1161 504 1390 554 praetcrea,
1415 514 1519 554 quae
1539 498 1667 539 libido

76 568 200 623 regis,
239 583 343 622 quae
387 567 613 607 necessitas
663 567 803 621 coegit
849 566 970 614 ferre,
1006 565 1440 620 pertulit.-—Quarum
1484 564 1667 603 omnium

77 648 213 673 rerum
244 647 325 672 una
354 632 621 687 reprehensio
647 637 723 680 est,
758 631 869 685 quod
899 645 1074 685 regnum
1107 629 1288 677 intrarit,
1318 629 1429 684 quod
1464 626 1667 682 potestati

76 712 120 738 se
160 697 270 751 regis
306 696 574 737 commiserit.
640 695 799 736 Verum
833 695 868 734 si
910 694 1157 749 quaerimus,
1205 693 1347 734 stulte.
1409 692 1519 743 Quid
1559 691 1669 732 enim

77 761 246 801 stultius
274 774 397 816 quam
427 760 610 814 equitem
640 760 875 800 Romanum
912 774 963 799 ex
994 759 1072 799 hac
1103 759 1216 805 urbe,
1245 758 1383 812 hujus,
1406 757 1585 811 inquam,
1608 754 1669 795 rei

77 818 265 880 publicae
287 825 429 874 civem,
454 840 560 880 quae
591 830 656 866 est
686 839 769 865 una
801 824 980 864 maxime
1006 829 1050 864 et
1079 823 1159 863 fuit
1180 836 1344 877 semper
1364 821 1507 868 libera,
1530 820 1669 861 venire

77 892 119 931 in
152 906 244 932 eum
272 891 420 940 locum,
454 890 520 930 ubi
550 890 778 945 parendum
808 890 928 930 alteri
958 895 1001 930 et
1029 889 1293 929 serviendum
1319 887 1403 928 sit?
1465 886 1552 926 IX.
1585 886 1669 926 Sed

78 971 154 1010 ego
196 956 236 996 in
276 956 355 996 hoc
396 956 566 996 tandem
599 955 802 995 Postumo
839 969 922 994 non
957 954 1180 1008 ignoscam,
1215 952 1371 992 homini
1404 950 1671 992 mediocriter

79 1023 218 1071 docto,
243 1021 283 1060 in
314 1035 395 1074 quo
418 1020 578 1060 videam
599 1019 929 1073 sapientissimos
956 1018 1144 1058 homines
1174 1031 1264 1057 esse
1291 1017 1457 1070 lapsos?
1518 1015 1668 1054 Virum

78 1101 204 1126 unum
244 1085 374 1126 totius
416 1084 614 1125 Graeciae
664 1083 782 1123 facile
823 1083 1126 1131 doctissimum,
1169 1081 1406 1128 Platonem,
1448 1079 1669 1133 iniquitate

79 1149 268 1204 Dionysii
310 1149 473 1189 Siciliae
525 1148 705 1203 tyranni,
748 1148 812 1187 eui
863 1162 908 1188 se
958 1147 1024 1187 ille
1075 1146 1352 1193 commiserat,
1397 1144 1438 1183 in
1478 1142 1669 1183 maximis

78 1214 272 1269 periculis
321 1213 562 1267 insidiisque
618 1226 708 1252 esse
762 1217 976 1252 versatum
1037 1210 1301 1264 accepimus:
1358 1207 1668 1255 Callisthenem,

79 1280 247 1320 doctum
283 1278 505 1326 hominem,
544 1276 741 1317 comitem
774 1275 923 1329 Magni
959 1273 1204 1323 Alexandri,
1234 1273 1287 1313 ab
1325 1271 1568 1312 Alexandro
1599 1285 1669 1312 ne-

78 1348 243 1385 catum:
277 1342 552 1389 Demetrium,
577 1346 621 1381 et
643 1355 695 1381 ex
711 1355 755 1380 re
777 1340 946 1395 publica
965 1338 1189 1394 [Athenis]
1210 1353 1333 1392 quam
1355 1337 1511 1391 optime
1534 1337 1670 1390 diges-

77 1414 202 1459 serat,
233 1412 277 1449 et
312 1422 365 1448 ex
399 1407 592 1447 doctrina
627 1405 808 1446 nobilem
841 1410 884 1445 et
908 1405 1077 1453 clarum,
1102 1403 1169 1458 qui
1203 1403 1431 1443 Phalereus
1461 1402 1671 1442 vocitatus

79 1481 156 1525 est,
191 1477 231 1516 in
258 1476 404 1516 eodem
434 1474 515 1515 isto
546 1472 757 1527 Aegyptio
789 1487 918 1527 regno
951 1472 1095 1526 aspide
1122 1471 1175 1512 ad
1206 1485 1357 1525 corpus
1389 1470 1560 1510 admota
1584 1469 1671 1509 vita

79 1556 169 1582 esse
200 1540 418 1595 privatum.
483 1539 615 1579 Plane
644 1538 848 1578 confiteor
878 1537 968 1577 fieri
998 1536 1099 1576 nihil
1130 1550 1252 1590 posse
1284 1534 1518 1575 dementius
1546 1548 1672 1588 quam

80 1606 282 1647 scientem
302 1605 344 1645 in
364 1618 457 1644 eum
478 1604 615 1644 locum
636 1602 787 1651 venire,
811 1601 882 1641 ubi
913 1601 1153 1642 libertatem
1185 1600 1242 1640 sis
1272 1600 1524 1654 perditurus.
1587 1598 1672 1638 Sed

80 1672 204 1725 hujus
245 1670 374 1725 ipsius
411 1668 511 1710 facti
544 1667 771 1708 stultitiam
805 1666 874 1706 illa
909 1666 999 1720 jam
1030 1665 1222 1720 superior
1256 1664 1437 1705 stultitia
1473 1662 1668 1712 defendit,

82 1751 188 1790 quae
221 1735 323 1775 facit
355 1739 403 1775 ut
435 1734 515 1773 hoc
549 1731 842 1772 stultissimum
871 1730 1043 1777 facinus,
1079 1729 1190 1785 quod
1222 1729 1263 1768 in
1297 1742 1471 1782 regnum
1497 1727 1669 1775 venerit,

82 1800 193 1855 quod
214 1799 303 1853 regi
325 1813 369 1839 se
391 1796 657 1845 commiserit,
681 1795 891 1849 sapienter
921 1794 1079 1833 factum
1107 1806 1199 1832 esse
1221 1791 1432 1838 videatur3
1467 1790 1672 1845 siquidem

82 1879 166 1905 non
187 1869 274 1904 tam
295 1877 458 1917 semper
479 1860 598 1902 stulti
620 1874 744 1914 quam
765 1872 858 1898 sero
890 1856 1091 1911 sapientis
1122 1861 1199 1903 est,
1224 1869 1351 1909 quum
1383 1855 1565 1896 stultitia
1596 1869 1673 1895 sua

83 1928 309 1983 impeditus
338 1927 406 1975 sit,
431 1939 596 1980 quoquo
617 1924 740 1963 modo
762 1921 895 1977 possit
915 1936 960 1961 se
992 1920 1202 1974 expedire.
1267 1918 1546 1971 Quamobrem
1575 1919 1674 1958 illud

84 1997 253 2034 maneat
289 1998 332 2032 et
362 1991 491 2030 fixum
525 1989 591 2039 sit,
615 1988 724 2043 quod
754 2001 889 2041 neque
919 1985 1076 2026 moveri
1107 1999 1240 2039 neque
1271 1983 1425 2024 mutari
1457 1988 1610 2038 potest,
1633 1983 1675 2023 in

86 2073 168 2113 quo
198 2055 318 2111 aequi
350 2068 540 2110 sperasse
572 2053 822 2093 Postumum
853 2051 1007 2099 dicunt,
1040 2063 1236 2104 peccasse
1267 2048 1407 2103 iniqui,
1430 2048 1518 2103 ipse
1549 2048 1676 2089 etiam

86 2122 289 2163 insanisse
320 2134 365 2161 se
397 2119 636 2166 confitetur,
659 2116 770 2171 quod
800 2129 930 2164 suam,
955 2115 1066 2169 quod
1097 2114 1326 2154 amicorum
1347 2112 1566 2167 pecuniam
1587 2112 1676 2167 regi

131 2235 300 2274 dioecetes]
349 2233 402 2263 He
426 2230 577 2262 collected
597 2240 711 2269 money
735 2229 782 2259 for
806 2230 860 2259 the

87 2280 172 2318 king,
191 2289 215 2308 c.
236 2280 284 2308 lo,

132 2324 198 2351 vita
214 2321 281 2359 ejus
297 2317 420 2356 ablata]
470 2319 478 2333 ‘
492 2316 538 2345 vis
556 2316 638 2345 vitae
662 2315 729 2353 ejus
744 2314 859 2350 allata‚’

89 2364 229 2402 Madvig,
258 2362 365 2392 Halm.
412 2360 452 2390 E.
480 2359 519 2389 G.
543 2358 604 2388 and
628 2360 646 2387 2
674 2357 756 2387 ΟΧΧ.
781 2358 860 2387 have

90 2407 203 2436 ‘allata
216 2405 233 2441 ;'
272 2405 327 2433 the
363 2406 427 2432 rest
464 2402 542 2430 have
581 2404 587 2417 ‘
605 2400 730 2430 ablata!
790 2400 860 2430 The

89 2448 301 2481 emendation,
317 2456 351 2476 as
366 2446 391 2474 it
406 2446 432 2474 is
448 2444 557 2478 called,
584 2444 609 2472 is
632 2443 730 2482 faulty
750 2443 783 2472 in
806 2442 860 2472 ad-

91 2493 166 2530 ding
181 2489 359 2527 something
370 2492 404 2517 to
421 2487 512 2516 make
529 2490 536 2502 ⁴
548 2486 642 2515 allata
653 2485 659 2497 ’
678 2485 859 2515 consistent.

91 2538 100 2552 ‘
112 2535 155 2565 Et
166 2534 229 2563 vita
238 2533 266 2562 ei
275 2529 399 2565 ablatas
414 2529 629 2559 Pat1·icius.›—-‘
641 2538 677 2557 ex
688 2528 746 2557 hac
756 2528 833 2557 urbe
842 2527 860 2557 ε’

91 2578 180 2608 these
195 2575 296 2605 words
312 2573 401 2603 smell
417 2572 452 2602 of
465 2582 482 2602 a
499 2575 505 2587 ‘
519 2570 689 2610 glossema’
706 2574 739 2600 to
763 2570 861 2600 Patri-

91 2621 168 2650 cius.
215 2618 275 2647 His
292 2619 379 2646 scent
394 2624 456 2644 was
472 2614 575 2652 sharp.

136 2665 166 2693 9.
198 2662 231 2690 in
258 2661 316 2689 hoc
346 2657 489 2695 tandem]
547 2657 597 2685 ‘in
627 2655 687 2685 hoc
714 2655 861 2690 tantum‚'

94 2704 255 2739 Patricius,
300 2701 460 2731 Halm.-—-‘
473 2698 617 2737 Dionysii
631 2698 649 2727 :'
687 2698 741 2727 the
778 2698 864 2727 elder

93 2747 275 2786 DionysiuS,
297 2746 405 2783 tyrant
424 2742 459 2771 of
480 2742 640 2780 Syracuse.
686 2740 794 2770 Cicero
816 2741 860 2769 al-

93 2790 182 2821 ludes
198 2793 230 2818 to
245 2787 300 2818 the
315 2790 399 2824 story
412 2785 446 2814 of
455 2784 543 2814 Plato
556 2783 649 2821 being
663 2786 696 2812 at
713 2783 862 2822 Syracuse

93 2833 169 2862 with
192 2832 247 2861 the
270 2829 355 2860 elder
378 2827 560 2865 Dionysius.
605 2825 673 2854 The
698 2826 763 2854 real
785 2825 862 2854 facts

94 2876 131 2905 of
145 2873 260 2905 Plato’s
275 2872 362 2902 visits
377 2874 410 2900 to
428 2869 522 2908 Sicily
537 2868 577 2897 do
592 2871 649 2897 not
671 2877 804 2897 concern
826 2877 863 2897 us

95 2919 180 2948 here.
228 2916 316 2946 Plato
338 2913 400 2944 and
423 2912 478 2943 the
500 2913 605 2950 tyrant
625 2919 711 2940 serve
728 2909 863 2940 Cicero’s

905 2233 1032 2268 present
1052 2238 1198 2268 purpose.
1245 2227 1453 2257 Callisthenes
1479 2236 1542 2256 was
1563 2228 1622 2265 put
1643 2228 1678 2255 to

905 2272 996 2301 death
1014 2272 1055 2311 by
1072 2271 1260 2306 Alexander,
1277 2270 1347 2299 who
1364 2269 1457 2299 hated
1472 2269 1537 2298 him
1557 2269 1606 2298 for
1628 2268 1677 2298 his

905 2315 1041 2344 freedom
1069 2314 1104 2343 of
1121 2314 1255 2352 speech3
1279 2313 1337 2342 but
1360 2313 1415 2342 the
1439 2312 1581 2351 specious
1605 2321 1677 2350 pre-

904 2361 972 2387 text
987 2367 1049 2386 was
1065 2367 1104 2386 an
1121 2356 1240 2394 alleged
1257 2355 1449 2394 conspiracy,
1472 2355 1527 2384 the
1541 2353 1677 2393 tyrant’s

905 2400 964 2429 last
988 2409 1097 2429 reason
1124 2399 1263 2438 (Arriam
1289 2398 1392 2427 Anab.
1416 2398 1457 2426 iv,
1481 2407 1525 2426 cc.
1554 2398 1601 2432 10,
1629 2397 1679 2433 12,

908 2442 972 2480 14).
1030 2442 1208 2471 Demetrius
1233 2441 1401 2471 Phalereus
1427 2449 1489 2469 was
1509 2450 1528 2469 a
1550 2439 1679 2478 disciple

905 2486 940 2514 of
951 2485 1198 2523 Theophrastus.
1246 2484 1296 2513 He
1313 2493 1373 2512 was
1397 2486 1444 2512 set
1467 2492 1540 2511 over
1555 2481 1678 2511 Athens

905 2528 947 2566 by
978 2527 1163 2561 Cassander,
1193 2527 1274 2556 after
1298 2526 1402 2555 whose
1431 2525 1526 2554 death
1552 2524 1593 2554 he
1616 2533 1678 2554 was

906 2570 1079 2609 compelled
1095 2573 1128 2599 to
1144 2570 1187 2609 fly
1202 2573 1235 2599 to
1251 2569 1367 2607 Egypt.

953 2613 1142 2651 diyesserat]
1171 2611 1353 2651 ‘gesserat,’
1379 2610 1541 2645 Graevius,
1568 2608 1677 2639 Halm.

907 2659 959 2677 —‘
972 2656 1066 2694 hujus
1089 2656 1186 2694 ipsius
1199 2654 1218 2684 τ’
1237 2654 1343 2683 Halm.
1389 2653 1458 2683 The
1481 2652 1571 2682 codd.
1599 2651 1678 2680 have

909 2704 916 2715 ·
931 2699 1023 2736 hujus
1039 2696 1152 2733 istius,’
1168 2697 1226 2726 but
1249 2697 1286 2726 T.
1312 2696 1405 2725 omits
1423 2701 1429 2712 ¹
1443 2693 1613 2733 hujus.’-‘
1625 2692 1679 2721 illa

903 2740 1001 2779 jam:y
1031 2741 1137 2770 Halm.
1191 2740 1260 2769 The
1283 2739 1372 2769 codd.
1397 2738 1475 2767 have
1498 2735 1589 2765 ‘mali
1615 2735 1677 2763 iam

906 2783 1044 2812 iam.’—‘
1062 2783 1215 2822 siquidem
1239 2782 1334 2811 non:'
1365 2781 1419 2810 the
1442 2782 1525 2808 ‘non
1539 2777 1547 2791 ’
1570 2777 1597 2806 is
1620 2779 1678 2806 not

907 2826 938 2855 in
955 2826 1009 2855 the
1024 2826 1139 2855 known
1155 2825 1244 2855 codd.
1291 2824 1323 2854 It
1338 2832 1399 2852 was
1419 2820 1517 2851 added
1534 2819 1576 2858 by
1594 2819 1676 2848 Hot-

907 2878 1003 2898 mann
1025 2868 1159 2907 perhaps
1175 2868 1256 2897 from
1276 2867 1325 2896 his
1347 2869 1354 2882 ‘
1367 2864 1465 2894 codex
1480 2862 1676 2901 manuscrip-

907 2910 980 2941 tus.’
1026 2911 1099 2941 Itis
1114 2909 1246 2940 wanted.
