1899 3227
222 193 274 233 64
670 191 849 233 ORAT.
884 191 1003 233 PRO
1038 192 1101 231 M.
1135 191 1365 232 CAELIO

219 310 307 347 met
341 305 554 347 vobiscum
594 304 883 345 recordamini.
957 304 1064 345 Nolo
1106 304 1215 344 enim
1251 305 1498 358 cujusquam
1532 303 1654 345 fortis
1688 309 1817 361 atque

219 371 393 412 illustris
413 371 489 411 viri
511 386 562 411 ne
583 370 797 411 minimum
819 370 986 424 quidem
1018 374 1202 410 erratum
1235 384 1330 409 cum
1360 368 1540 408 maxima
1569 369 1690 410 laude
1723 386 1820 411 con-

215 437 406 491 jungere,
436 436 547 490 quod
569 435 602 475 si
625 435 761 475 facere
783 435 939 483 vellem,
965 434 1085 474 multi
1106 449 1130 473 a
1151 449 1216 474 me
1239 433 1387 473 summi
1409 438 1536 486 atque
1565 434 1820 475 ornatissimi

219 501 294 542 viri
323 500 676 555 praedicarentur,
701 513 876 553 quorum
909 498 1062 552 partim
1091 498 1218 538 nimia
1248 498 1420 538 libertas
1450 497 1492 536 in
1523 497 1818 548 adolescentia,

219 566 373 621 partim
405 565 573 620 profusa
604 563 799 609 luxuries,
822 562 1068 617 magnitudo
1100 563 1209 603 aeris
1239 562 1374 610 alieni,
1398 568 1603 616 sumptus,
1628 562 1820 604 libidines

219 631 558 677 nominarentur,
597 644 702 683 quae
733 628 876 668 multis
906 635 1054 683 postea
1076 627 1302 669 virtutibus
1323 628 1494 668 obtecta
1514 628 1819 670 adolescentiae

221 697 289 751 qui
321 695 442 735 vellet
475 694 744 735 excusatione
779 693 1034 734 defenderet.
1097 693 1237 733 XIX.
1278 693 1341 733 At
1369 707 1465 733 vero
1501 693 1543 732 in
1579 692 1642 732 M.
1666 693 1817 742 Caelio,

220 762 354 802 dicam
377 760 483 800 enim
502 760 589 814 jam
611 758 888 799 confidentius
906 758 956 798 de
973 757 1124 799 studiis
1146 758 1236 812 ejus
1258 758 1456 808 honestis,
1475 758 1668 812 quoniam
1685 759 1819 798 audeo

220 827 423 881 quaedam
461 825 594 865 fretus
634 829 775 864 vestra
815 823 1021 877 sapientia
1060 822 1189 863 libere
1229 822 1432 872 confiteri,
1479 823 1591 863 nulla
1636 823 1820 864 luxuries

220 890 462 945 reperietur,
486 889 585 929 nulli
616 894 819 942 sumptus,
845 888 1003 927 nullum
1023 902 1095 928 aes
1116 887 1309 935 alienum,
1334 887 1445 927 nulla
1467 887 1749 928 conviviorum
1769 902 1820 929 ac

220 957 447 997 lustrorum
468 954 618 995 libido:
655 953 765 1007 quod
787 953 952 1007 quidem
974 952 1121 993 vitium
1143 952 1300 993 ventris
1321 961 1365 993 et
1385 952 1566 1006 gurgitis
1588 968 1671 993 non
1697 954 1820 994 modo

221 1035 305 1061 non
333 1019 482 1060 minuit
512 1024 629 1059 aetas
661 1017 909 1067 hominibus,
933 1017 1007 1057 sed
1039 1017 1166 1058 etiam
1197 1022 1338 1071 auget.
1399 1016 1580 1057 Amores
1600 1023 1754 1067 autem,
1778 1023 1821 1059 et

222 1086 299 1125 hae
331 1084 501 1125 deliciae
533 1099 637 1138 quae
669 1088 885 1131 vocantur,
911 1096 1016 1136 quae
1048 1081 1232 1122 firmiore
1265 1081 1402 1121 animo
1437 1081 1636 1136 praeditis
1664 1082 1821 1123 diutius

222 1151 421 1191 molestae
455 1164 536 1189 non
569 1149 705 1189 solent
738 1162 841 1198 esse,
880 1153 1044 1187 mature
1077 1147 1186 1187 enim
1219 1152 1262 1187 et
1301 1146 1490 1187 celeriter
1528 1147 1819 1198 deflorescunt,

223 1230 448 1271 numquam
461 1216 570 1255 hunc
585 1219 836 1268 occupatum
851 1213 1179 1267 impeditumque
1197 1217 1437 1253 tenuerunt.
1483 1212 1679 1253 Audistis
1695 1228 1822 1267 quum

223 1296 297 1336 pro
334 1296 378 1321 se
417 1280 587 1327 diceret,
625 1279 803 1319 audistis
836 1283 961 1318 antea
998 1291 1124 1331 quum
1160 1276 1687 1317 accusaret—defendendi
1720 1278 1821 1319 haec

224 1360 383 1393 caussa,
407 1359 489 1384 non
511 1343 714 1398 gloriandi
731 1344 902 1398 eloquor
918 1357 1124 1396 g—genus
1139 1341 1353 1391 orationis,
1377 1342 1636 1391 facultatem,
1660 1342 1824 1397 copiam

223 1410 527 1451 sententiarum
577 1415 704 1463 atque
743 1409 977 1455 verborum,
1020 1421 1124 1462 quae
1165 1412 1305 1447 vestra
1350 1406 1572 1461 prudentia
1612 1412 1689 1456 est,
1734 1422 1822 1462 per-

224 1474 436 1530 spexistis
499 1474 642 1527 Atque
664 1473 706 1512 in
728 1488 776 1513 eo
798 1486 881 1512 non
903 1472 1036 1512 solum
1058 1471 1270 1526 ingenium
1291 1471 1453 1511 elucere
1475 1472 1565 1526 ejus
1586 1471 1820 1520 videbatis;

225 1540 336 1595 quod
369 1552 504 1593 saepe,
538 1537 701 1578 etiamsi
738 1537 945 1578 industria
980 1551 1062 1576 non
1093 1536 1231 1586 alitur,
1262 1536 1372 1577 valet
1401 1541 1541 1577 tamen
1573 1536 1707 1590 ipsum
1738 1536 1825 1577 suis

228 1605 405 1651 viribus;
447 1603 520 1643 sed
549 1602 696 1653 inerat,
724 1602 804 1642 nisi
837 1616 902 1642 me
938 1606 1111 1656 propter
1143 1600 1473 1641 benevolentiam
1500 1601 1608 1642 forte
1638 1601 1822 1652 fallebat,

226 1776 297 1805 says
312 1766 382 1796 that
399 1766 518 1805 ‘liquet
532 1763 539 1777 '
556 1765 582 1794 is
598 1765 652 1794 the
667 1764 797 1803 reading
812 1763 849 1793 of
862 1763 916 1792 the
931 1762 1001 1792 best

228 1809 346 1845 MSS.;
370 1809 427 1837 but
454 1808 547 1837 Halm
571 1807 728 1837 mentions
750 1807 825 1845 only
845 1816 905 1836 one
927 1805 999 1835 MS.

230 1852 324 1881 Klotz
342 1852 449 1880 thinks
461 1851 530 1880 that
544 1854 550 1866 ‘
562 1849 674 1890 liquet’
689 1859 850 1888 expresses
863 1848 1001 1878 Cicero’s

228 1894 366 1933 thought
383 1904 454 1932 very
470 1893 603 1932 exactly,
614 1893 674 1922 and
692 1893 761 1921 that
779 1896 785 1908 ¹
797 1901 924 1921 necesse
936 1890 1000 1920 est'

230 1938 342 1976 clearly
366 1937 489 1975 betrays
514 1939 568 1965 the
589 1935 757 1973 amending
775 1945 810 1964 or
833 1934 1003 1973 emending

229 1980 321 2009 hand.
361 1979 410 2009 He
426 1989 536 2018 proves
549 1979 618 2008 that
630 1982 637 1995 ⁴
650 1978 749 2017 liquet
764 1977 770 1989 '
785 1987 856 2016 may
872 1977 912 2006 be
926 1977 1002 2006 used

230 2023 307 2052 with
323 2033 362 2052 an
377 2023 531 2051 iutinitive
545 2034 552 2057 ;
576 2021 637 2051 and
654 2022 723 2050 that
739 2021 764 2051 is
781 2020 970 2059 something.

231 2093 250 2107 ‘⁶
266 2091 361 2120 Illum
378 2090 476 2129 liquet
493 2090 534 2118 mi
551 2089 689 2128 dejerare
704 2089 754 2118 his
770 2087 930 2117 mensibus
984 2102 986 2104 v

264 2134 325 2163 Sex
350 2137 471 2172 septem
495 2142 641 2172 prorsum
665 2142 729 2161 non
750 2131 865 2160 vidisse
886 2140 1003 2169 proxu-

340 2175 434 2205 mis.'’
567 2174 653 2215 (Ter.
671 2175 754 2204 Eun.
771 2174 803 2203 ii.
822 2175 873 2209 31,
891 2173 960 2210 39.)

276 2243 385 2273 Cicero
406 2242 480 2272 does
502 2245 559 2271 not
581 2252 672 2271 name
696 2242 785 2271 these
808 2241 878 2270 wild
899 2250 1005 2280 young

231 2286 349 2316 fellows
363 2285 432 2314 who
448 2285 627 2314 afterwards
638 2284 750 2313 turned
767 2287 823 2314 out
838 2284 917 2313 well.
935 2284 1006 2313 One

234 2329 271 2358 L.
284 2328 412 2357 Flaccus
439 2328 464 2357 is
486 2327 665 2356 mentioned
690 2327 730 2366 by
746 2327 823 2365 Livy
842 2326 907 2366 (27.
925 2337 951 2356 c.
969 2325 1004 2367 8)

233 2371 302 2400 who
319 2370 380 2399 laid
401 2370 485 2399 aside
505 2370 552 2398 his
569 2369 627 2398 bad
645 2369 749 2399 habits
766 2369 827 2398 and
845 2370 971 2398 became
987 2379 1005 2398 a

233 2413 314 2451 good
346 2423 428 2442 man.
474 2412 576 2441 There
607 2423 667 2441 was
694 2422 712 2441 a
742 2413 903 2447 tradition,
934 2422 1004 2450 says

235 2456 355 2487 Gellius
387 2454 441 2495 (vi.
470 2456 514 2493 8),
547 2455 616 2484 that
638 2455 692 2484 the
719 2459 806 2493 great
839 2455 871 2484 P.
901 2455 1004 2493 Scipio

233 2499 400 2529 Africanus
419 2498 521 2535 Major
535 2501 553 2513 “
567 2498 656 2531 fama,
672 2508 768 2536 quum
786 2501 868 2526 esset
883 2497 1004 2526 adoles-

233 2551 316 2571 cens.
330 2541 412 2570 haud
426 2541 545 2569 sincera
557 2540 684 2569 fuisse.⁷’
716 2539 862 2578 Polybius
877 2538 920 2579 (x.
939 2539 1003 2577 lu),

233 2584 303 2613 who
330 2584 401 2612 tells
432 2594 450 2612 a
482 2587 567 2622 story
602 2582 699 2612 about
732 2582 780 2611 his
810 2582 1005 2617 continence,

233 2627 324 2656 when
350 2626 390 2655 he
417 2636 478 2654 was
506 2625 706 2654 commander
730 2625 763 2653 in
791 2624 897 2662 Spain,
928 2624 1006 2653 adds

232 2669 302 2699 that
327 2670 352 2698 it
376 2679 437 2698 was
467 2669 580 2697 known
610 2666 795 2707 φιλογύνην
826 2666 909 2696 ὄντα
942 2667 1002 2695 τὸν

234 2713 402 2742 Πόπλιον.

279 2756 327 2785 19.
353 2753 543 2792 lustrorum]
573 2752 696 2785 Horace
709 2752 790 2792 (Sat.
802 2752 821 2781 i.
836 2752 866 2787 6,
880 2761 909 2781 v.
924 2750 978 2791 68)
993 2763 999 2780 :

233 2832 252 2846 “
269 2829 301 2859 Si
320 2839 422 2868 neque
442 2828 602 2858 avaritiam
623 2837 726 2866 neque
745 2826 852 2856 sordes
870 2836 906 2856 ac
922 2826 1004 2856 mala

340 2872 439 2901 lustra

221 2922 224 2924 ’
263 2914 400 2954 Objiciet
415 2914 581 2954 quisquam
593 2922 664 2942 vere
681 2911 793 2941 mihi.”

1045 1761 1158 1791 Festus
1175 1760 1345 1800 Pompeius
1362 1760 1479 1800 quoted
1496 1760 1538 1800 by
1554 1760 1687 1790 Abi-ami
1702 1773 1709 1791 :

1089 1806 1111 1820 ‘¹
1126 1803 1242 1833 Lustra
1265 1803 1418 1842 significat
1442 1803 1570 1833 lacunas
1592 1804 1721 1840 lutosas,
1743 1814 1823 1843 quae

1045 1850 1121 1876 sunt
1136 1847 1169 1875 in
1186 1846 1270 1875 silvis
1287 1856 1435 1886 aprorum
1458 1846 1583 1882 cubilia,
1598 1857 1615 1876 a
1631 1857 1694 1886 qua
1711 1847 1822 1876 simili-

1045 1890 1155 1919 tudine
1176 1889 1197 1918 ii
1221 1889 1274 1928 qui
1290 1890 1321 1918 in
1339 1889 1415 1918 locis
1431 1889 1545 1918 abditis
1563 1890 1694 1919 sordidis
1719 1890 1823 1919 ventri

1046 1936 1078 1962 et
1096 1932 1232 1961 desidiae
1249 1942 1375 1970 operam
1393 1932 1479 1968 dant,
1498 1932 1646 1962 dicuntur
1666 1933 1698 1962 in
1715 1933 1822 1962 lustris

1046 1976 1142 2005 vitam
1164 1975 1291 2013 agere.''
1340 1975 1392 2004 He
1415 1975 1484 2004 who
1508 1976 1623 2014 spends
1644 1975 1692 2005 his
1714 1975 1767 2005 life
1789 1975 1822 2005 in

1047 2022 1171 2048 taverns
1194 2017 1254 2047 and
1283 2018 1470 2057 pot-houses
1495 2018 1630 2048 ‘dicitur
1659 2019 1692 2047 in
1716 2018 1822 2048 lustris

1047 2061 1143 2090 vitam
1182 2061 1351 2099 agere.’—-‘
1370 2061 1501 2099 gurgitis
1519 2061 1543 2090 :’
1585 2061 1618 2090 Ρ.
1650 2061 1687 2090 Ε.
1716 2061 1755 2091 G.
1790 2061 1822 2090 S.

1047 2104 1150 2133 There
1174 2103 1199 2133 is
1219 2114 1237 2133 a
1256 2103 1384 2142 reading
1406 2104 1580 2143 ‘gutturis’
1602 2104 1634 2133 in
1657 2104 1736 2141 Col„
1760 2103 1824 2133 and

1047 2147 1072 2176 it
1088 2156 1219 2186 appears
1235 2146 1267 2175 in
1284 2156 1371 2177 some
1386 2150 1470 2176 texts
1486 2146 1522 2175 of
1535 2147 1655 2176 Cicero.

1093 2199 1188 2228 quum
1213 2199 1277 2228 pro
1308 2199 1340 2219 se
1367 2189 1503 2228 diceret]
1551 2189 1657 2219 When
1689 2189 1730 2218 he
1759 2199 1822 2219 was

1049 2232 1201 2270 speaking
1216 2232 1249 2261 in
1266 2232 1394 2261 defence
1416 2232 1451 2261 of
1470 2232 1599 2261 himself
1612 2233 1643 2261 in
1660 2232 1722 2261 this
1738 2241 1820 2261 case.

1051 2275 1226 2308 Quintilian
1239 2274 1293 2314 (xi.
1310 2276 1338 2310 l,
1352 2274 1407 2315 51)
1422 2278 1532 2313 quotes
1545 2285 1563 2303 a
1573 2275 1632 2303 few
1644 2274 1680 2303 of
1687 2273 1823 2304 Caelius’

1049 2317 1169 2347 words:
1194 2320 1212 2334 ‘⁴
1227 2327 1266 2346 ne
1287 2318 1337 2346 cui
1360 2320 1497 2346 vestrum
1521 2320 1617 2356 atque
1638 2317 1731 2346 etiam
1755 2327 1823 2346 om-

1050 2361 1138 2389 nium
1166 2361 1220 2399 qui
1246 2360 1285 2389 ad
1308 2369 1374 2388 rem
1398 2359 1550 2398 agendam
1585 2359 1700 2389 adsunt
1734 2369 1823 2389 meus

1049 2407 1104 2432 aut
1119 2403 1226 2432 vultus
1247 2402 1408 2431 molestior
1430 2405 1484 2430 aut
1507 2412 1566 2431 vox
1590 2402 1825 2431 immoderatior

1039 2446 1162 2484 ·aliqua‚
1191 2449 1246 2474 aut
1276 2444 1420 2483 denique,
1453 2445 1537 2483 quod
1565 2445 1730 2474 minimum
1761 2448 1820 2481 est,

1045 2487 1214 2526 jactantior
1243 2490 1349 2525 gestus
1379 2486 1475 2516 fuisse
1510 2487 1819 2517 videatur.'’—‘elo-

1050 2540 1130 2569 quor
1144 2529 1163 2559 :'
1182 2533 1201 2546 “
1216 2530 1297 2558 clare
1313 2540 1349 2558 ac
1365 2529 1466 2567 palam
1484 2530 1595 2569 loquor
1609 2529 1628 2543 ’'
1645 2529 1786 2570 (Orelli).

1092 2582 1192 2609 yenus
1209 2572 1379 2611 orationis]
1430 2573 1539 2602 Cicero
1560 2573 1703 2609 (Brutus,
1721 2583 1746 2602 c.
1765 2571 1821 2613 79)

1050 2615 1106 2644 has
1133 2624 1151 2643 a
1178 2624 1307 2653 passage
1331 2624 1371 2643 on
1396 2615 1450 2644 the
1474 2620 1600 2655 oratory
1622 2616 1658 2645 of
1678 2615 1820 2646 Caelius:

1052 2660 1071 2673 “
1086 2667 1194 2695 graves
1225 2657 1293 2695 ejus
1332 2658 1494 2688 contiones
1528 2659 1647 2698 aliquot
1681 2659 1821 2694 fuerunt,

1046 2709 1132 2728 acres
1147 2700 1359 2729 accusationes
1380 2704 1452 2731 tres.
1469 2711 1585 2740 eaeque
1596 2711 1705 2730 omnes
1721 2710 1760 2730 ex
1777 2701 1822 2730 rei

1046 2742 1189 2781 publicae
1234 2743 1437 2772 contentione
1475 2748 1638 2783 susceptae
1657 2755 1665 2779 3
1715 2743 1823 2773 defen-

1046 2785 1158 2820 siones,
1183 2786 1241 2814 etsi
1268 2786 1321 2814 illa
1351 2790 1439 2815 erant
1475 2787 1506 2816 in
1532 2796 1569 2815 eo
1590 2786 1720 2815 meliora
1742 2796 1822 2825 quae

1048 2827 1122 2863 dixi,
1157 2837 1220 2856 non
1259 2829 1508 2858 contemnendae
1542 2832 1648 2858 tamen
1685 2838 1823 2868 saneque

1048 2869 1262 2900 tolerabiles.''
