1816 3211
725 225 858 268 CAP.
891 227 958 277 40,
982 228 1051 267 41.
1605 228 1685 268 ‘285

94 339 306 390 declinavi,
342 355 447 395 quae
483 355 527 382 se
562 340 626 381 vel
660 340 801 396 potius
835 340 1021 381 exscindi
1058 354 1183 395 quam
1219 354 1241 380 e
1275 353 1351 380 suo
1386 338 1608 394 complexu
1640 346 1688 381 ut

93 404 276 459 eriperer
295 406 416 447 facile
438 411 668 461 pateretur.
732 406 782 446 In
809 406 956 447 hortos
985 421 1052 446 me
1077 405 1141 445 M.
1167 405 1313 446 Laeuii
1338 404 1483 455 Flacci
1515 405 1686 454 contuli,

94 469 160 509 cui
193 484 319 525 quum
352 486 496 512 omnes
527 477 678 521 metus,
702 471 928 527 publicatio
960 472 1178 520 bonorum,
1213 470 1417 518 exsilium,
1451 485 1564 510 mors
1595 484 1689 524 pro—

91 542 328 589 poneretur,
352 537 455 578 haec
483 536 646 592 perpeti
677 537 711 577 si
741 537 981 577 acciderent
1011 536 1158 576 maluit
1190 550 1316 590 quam
1348 535 1581 576 custodiam
1610 534 1690 575 mei

94 601 246 655 capitis
268 601 494 643 dimittere.
557 603 686 656 Cujus
714 617 792 656 ego
823 608 865 642 et
894 601 1082 657 parentis
1108 601 1199 656 ejus
1227 600 1541 656 prudentissimi
1562 607 1690 654 atque

93 665 241 720 optimi
264 667 375 707 senis
397 672 439 708 et
460 667 601 708 fratris
623 673 666 708 et
687 668 906 722 utriusque
927 667 1107 706 filiorum
1130 667 1323 707 manibus
1345 667 1387 706 in
1408 667 1503 707 navi
1525 672 1621 707 tuta
1642 680 1690 706 ac

91 731 201 771 fideli
224 732 466 782 collocatus,
490 747 714 787 eorumque
743 747 888 787 preces
915 737 957 773 et
978 737 1078 773 vota
1100 733 1150 772 de
1172 747 1265 773 meo
1287 733 1424 773 reditu
1447 732 1688 782 exaudiens,

94 795 373 850 Dyrrachium
410 798 521 852 quod
557 803 649 838 erat
681 797 840 840 in.fide
874 812 966 837 mea
997 802 1141 852 petere
1171 797 1380 838 contendi.
1444 798 1534 849 Quo
1563 811 1692 851 quum

92 862 309 912 venissem,
354 861 540 918 cognovi,
585 862 626 902 id
668 863 780 917 quod
821 862 1045 912 audieram,
1089 862 1287 903 refertam
1334 877 1425 903 esse
1469 862 1692 903 Graeciam

94 927 512 968 sceleratissimorum
538 927 752 967 hominum
779 942 829 968 ac
857 927 1121 976 nefariorum,
1146 942 1322 982 quorum
1344 927 1515 982 impium
1536 928 1693 967 ferrum

94 992 296 1046 ignesque
336 993 558 1048 pestiferos
593 1007 710 1033 meus
754 992 822 1033 ille
862 993 1102 1033 consulatus
1138 1007 1160 1033 e
1200 992 1393 1033 manibus
1426 996 1688 1037 extorserat;

94 1058 164 1112 qui
199 1063 425 1113 antequam
461 1058 512 1098 de
543 1072 636 1098 meo
672 1059 858 1098 adventu
893 1058 1036 1098 audire
1072 1057 1321 1113 potuissent,
1362 1072 1489 1113 quum
1524 1062 1693 1099 tantum

93 1123 290 1163 abessent
329 1123 489 1178 aliquot
529 1122 689 1164 dierum
730 1123 851 1173 viam,
885 1123 928 1163 in
966 1122 1263 1164 Macedoniam
1296 1123 1350 1163 ad
1389 1122 1693 1177 Planciumque

93 1188 273 1242 perrexi.
338 1188 421 1229 Hic
444 1203 542 1229 vero
564 1188 686 1228 simul
707 1194 835 1244 atque
862 1203 928 1229 me
959 1203 1072 1229 mare
1093 1188 1298 1229 transisse
1321 1187 1690 1244 cognovit—audi,

94 1253 204 1301 audi,
227 1257 354 1307 atque
376 1254 561 1303 attende,
589 1253 841 1302 Laterensis,
865 1258 915 1294 ut
945 1254 1054 1294 scias
1076 1253 1176 1308 quid
1198 1268 1276 1308 ego
1301 1253 1479 1294 Plancio
1502 1254 1690 1303 debeam,

95 1318 400 1372 confiteareque
435 1318 658 1372 aliquando
692 1333 757 1359 me
790 1319 901 1373 quod
936 1319 1088 1359 faciam
1121 1323 1164 1359 et
1196 1324 1317 1373 grate
1350 1324 1393 1359 et
1423 1318 1489 1374 pie
1522 1318 1688 1366 facere3

94 1383 204 1433 huic,
230 1398 333 1438 quae
366 1398 442 1438 pro
469 1383 603 1424 salute
632 1397 725 1423 mea
752 1383 911 1433 fecerit,
936 1383 970 1423 si
996 1383 1133 1424 minus
1166 1384 1387 1438 profutura
1415 1384 1516 1432 sint,
1545 1385 1693 1425 obesse

94 1454 207 1490 certe
247 1463 331 1489 non
382 1454 733 1503 oportere—nam
783 1448 906 1489 simul
956 1463 1006 1490 ac
1051 1463 1118 1489 me
1167 1449 1447 1504 Dyrrachium
1495 1449 1692 1504 attigisse

94 1512 266 1562 audivit,
291 1513 432 1554 statim
455 1514 508 1553 ad
537 1528 603 1554 me
631 1513 850 1555 lictoribus
875 1513 1069 1563 dimissis,
1092 1514 1326 1569 insignibus
1354 1514 1550 1568 abjectis,
1573 1519 1692 1555 veste

93 1584 269 1628 mutata,
316 1579 530 1633 profectus
578 1583 658 1620 est.
732 1579 767 1620 O
809 1580 1005 1620 acerbam
1055 1579 1169 1628 mihi,
1217 1579 1393 1634 judices,
1446 1580 1690 1620 memoriam

93 1643 293 1698 temporis
326 1643 435 1684 illius
468 1648 512 1684 et
546 1644 637 1694 loci,
670 1658 798 1698 quum
830 1644 898 1685 hic
931 1645 972 1685 in
1006 1660 1071 1685 me
1104 1645 1261 1695 incidit,
1292 1660 1419 1700 quum
1450 1646 1694 1700 complexus

93 1712 159 1749 est
181 1708 497 1763 conspersitque
519 1709 711 1759 lacrimis,
736 1723 812 1749 nec
842 1709 953 1764 loqui
985 1725 1084 1764 prae
1106 1725 1293 1751 maerore
1314 1710 1455 1765 potuit
1473 1714 1479 1751 ἔ
1546 1710 1582 1751 O
1604 1725 1694 1750 rem

93 1789 221 1829 quum
252 1774 399 1814 auditu
427 1773 649 1822 crudelem,
673 1778 763 1814 tum
785 1774 877 1815 visu
902 1774 1130 1815 nefariam!
1167 1790 1190 1816 o
1218 1776 1399 1830 reliquos
1431 1790 1574 1816 onmes
1605 1776 1694 1816 dies

92 1844 321 1894 noctesque
343 1853 425 1889 eas,
451 1839 601 1893 quibus
629 1839 709 1880 iste
731 1854 756 1880 a
786 1854 853 1880 me
874 1854 956 1880 non
979 1840 1177 1881 recedens
1200 1840 1543 1881 Thessalonicam
1564 1855 1629 1880 me
1652 1841 1694 1880 in

93 1903 458 1959 quaestoriumque
479 1903 702 1958 perduxit!
769 1904 854 1945 Hic
883 1919 962 1959 ego
991 1919 1100 1945 nunc
1123 1905 1173 1946 de
1195 1910 1390 1960 praetore
1415 1905 1693 1946 Macedoniae

94 1969 197 2009 nihil
231 1969 366 2009 dicam
394 1969 572 2024 amplius
602 1969 682 2010 nisi
713 1984 808 2010 eum
842 1974 886 2011 et
921 1969 1054 2010 civem
1085 1970 1292 2025 optimum
1323 1985 1487 2025 semper
1519 1974 1563 2011 et
1593 1970 1693 2011 mihi

93 2033 274 2075 amicum
309 2033 446 2085 fuisse,
482 2035 556 2075 sed
588 2035 734 2075 eadem
767 2034 958 2076 timuisse
991 2049 1097 2090 quae
1131 2042 1322 2083 ceter0s;
1364 2035 1440 2076 Gn.
1475 2035 1694 2077 Plancium

93 2098 221 2140 fnisse
256 2112 398 2148 unum,
432 2113 515 2139 non
551 2098 621 2154 qui
656 2099 793 2141 minus
828 2099 1010 2151 timeret,
1049 2101 1124 2141 sed
1161 2100 1197 2141 si
1228 2100 1469 2142 acciderent
1503 2115 1552 2142 ca
1587 2116 1693 2157 quae

914 2237 991 2268 Two
1017 2237 1144 2268 inferior
1159 2237 1257 2268 MSS,
1278 2238 1313 2268 of
1335 2238 1478 2268 Wunder
1502 2238 1581 2268 have
1605 2240 1693 2268 ‘tan-

915 2284 983 2311 tum
998 2280 1018 2317 ;'
1042 2281 1096 2311 the
1112 2285 1175 2311 rest
1188 2281 1267 2311 have
1281 2284 1288 2298 ‘
1302 2280 1394 2311 tum!
1440 2282 1517 2311 This
1528 2281 1693 2311 confusion

139 2245 245 2266 omnes
259 2235 377 2275 melus]
404 2235 569 2272 Wunder;
593 2237 664 2267 who
680 2240 792 2277 quotes
809 2238 869 2268 Pro

97 2277 209 2314 Sestio,
227 2289 252 2308 c.
270 2279 318 2313 15,
332 2280 350 2295 ⁴⁶
361 2278 413 2307 alii
430 2282 532 2309 metus
548 2282 643 2319 atque
652 2281 731 2310 aliae
743 2280 869 2311 curae.’'

97 2321 149 2350 He
165 2322 276 2360 speaks
297 2321 332 2350 of
346 2321 473 2351 Flaccus
488 2321 520 2351 in
537 2331 555 2351 a
570 2322 662 2352 letter
684 2327 718 2353 to
737 2324 785 2354 his
801 2324 870 2354 wife

98 2363 163 2403 (Ad
181 2364 250 2393 Div.
269 2364 329 2393 xiV.
346 2363 400 2403 3):
426 2367 445 2380 “
459 2364 525 2394 Nos
543 2365 700 2396 Brundisii
722 2367 805 2406 apud
821 2367 869 2397 M.

96 2406 250 2436 Laeuium
280 2406 421 2436 Flaccum
443 2407 509 2437 dies
532 2417 600 2438 xm
620 2409 748 2446 fuimus,
768 2410 869 2439 virum

97 2448 289 2488 optimum,‘'
309 2451 365 2479 διο.
411 2449 488 2480 This
500 2450 593 2481 letter
603 2451 628 2481 is
644 2452 737 2482 dated
755 2453 870 2492 ‘pridie

98 2492 171 2522 Kal.
200 2492 311 2527 Maias,
340 2492 530 2522 brundisio)
577 2494 705 2525 Flaccus
728 2495 754 2525 is
782 2506 869 2525 men-

96 2535 204 2565 tioned
232 2535 264 2564 in
292 2535 346 2564 the
375 2535 433 2564 Pro
462 2536 572 2569 Sestio.
597 2547 623 2567 c.
651 2539 758 2568 63.-—¹
771 2538 870 2578 Cujus

96 2587 154 2617 ego
170 2577 189 2607 :'
213 2578 270 2614 T.;
289 2581 295 2594 ¹
310 2577 404 2616 hujus
419 2577 499 2616 cgo,’
516 2578 669 2610 Wunder.

140 2620 331 2660 eat-audiens]
380 2620 483 2650 When
500 2621 540 2650 he
555 2632 616 2652 was
632 2632 673 2652 on
689 2623 868 2663 shipboard.

98 2663 157 2693 See
173 2663 244 2693 Vol.
262 2663 317 2698 iii„
336 2662 445 2698 Index,
463 2663 627 2695 Exaudire.

140 2705 381 2745 Dyrrachium]
407 2715 468 2735 was
492 2716 511 2736 a
536 2707 655 2737 ‘libera
677 2708 809 2745 civitas,'
837 2719 871 2739 as

97 2749 207 2779 Cicero
229 2758 299 2788 says
328 2748 392 2787 (Ad
418 2748 489 2778 Div.
517 2749 580 2778 xiv.
610 2750 652 2789 1),
679 2753 743 2781 “et
764 2751 796 2781 in
821 2762 871 2782 me

97 2792 234 2822 officiosa
249 2796 281 2821 et
296 2791 439 2830 proxima
456 2791 565 2821 Italiae
577 2791 610 2827 ;'’
628 2793 684 2822 but
699 2793 762 2823 this
778 2794 871 2824 letter

96 2845 159 2864 was
174 2838 230 2864 not
246 2835 370 2864 written
386 2844 426 2863 on
444 2833 491 2864 his
517 2835 584 2864 first
606 2835 678 2864 visit
700 2839 732 2866 to
754 2836 869 2876 Dyrra-

97 2877 213 2914 chium,
231 2877 289 2907 but
303 2877 394 2906 when
416 2877 458 2906 lie
477 2877 624 2906 returned
649 2878 768 2908 thither
790 2879 870 2909 from

96 2919 319 2951 Thessalonica
336 2920 422 2958 (ΑΛ).
441 2929 476 2948 vl
497 2919 568 2949 Kal.
583 2920 675 2960 Dec.)
692 2921 845 2961 (Garat).

141 2966 267 2995 tantum
291 2962 450 3002 abessent]
476 2962 515 2993 Τ.
540 2962 578 2992 Ε.
611 2963 689 2993 have
719 2963 870 2995 ‘tamem'

915 2324 952 2354 of
972 2324 1116 2360 ‘tamem'
1142 2323 1311 2360 ‘tantum,'
1338 2324 1449 2360 ‘tunm¹
1482 2325 1508 2354 is
1534 2334 1692 2360 common,

915 2377 949 2396 as
975 2367 1120 2397 Wunder
1148 2368 1300 2403 remarks,
1332 2367 1393 2397 and
1424 2368 1448 2398 it
1477 2368 1503 2397 is
1533 2368 1607 2407 only
1639 2367 1693 2397 the

915 2420 1005 2439 sense
1020 2410 1090 2440 that
1114 2420 1171 2440 can
1188 2410 1363 2440 determine
1378 2420 1436 2440 our
1460 2411 1568 2440 choice
1592 2410 1693 2440 ofthe

913 2453 1108 2492 reading.—⁴
1119 2453 1158 2483 ad
1177 2453 1430 2493 Planciumque:'
1456 2457 1464 2470 ⁴
1477 2454 1516 2483 ad
1532 2454 1692 2483 Plancium

915 2496 1137 2536 quaestorem,’
1154 2496 1299 2526 NVunder
1322 2496 1480 2536 following
1501 2497 1555 2527 the
1571 2497 1693 2535 conjec-

915 2543 986 2568 ture
1002 2539 1037 2568 of
1051 2539 1226 2569 Manutius.

959 2581 1253 2621 quaestoriumque]
1280 2582 1341 2612 We
1358 2585 1443 2612 must
1458 2581 1538 2611 infer
1554 2582 1623 2612 that
1638 2582 1692 2611 the

917 2627 925 2641 ‘
938 2629 1084 2664 quaestor
1097 2625 1103 2633 '
1128 2625 1190 2654 had
1215 2625 1314 2655 either
1338 2635 1377 2654 an
1395 2625 1506 2655 official
1522 2625 1691 2659 residencc,

915 2677 951 2697 or
977 2667 1047 2697 that
1071 2667 1120 2697 his
1147 2667 1246 2697 house
1272 2668 1304 2697 in
1329 2668 1384 2698 the
1410 2669 1556 2707 province
1583 2678 1643 2697 was
1674 2677 1692 2696 a

916 2714 923 2727 ‘
936 2710 1173 2750 quaestorium,‘
1192 2710 1283 2740 while
1298 2711 1352 2741 the
1371 2715 1519 2751 quaestor
1542 2710 1690 2749 occupied

914 2753 950 2782 it.
996 2753 1065 2783 The
1091 2753 1319 2793 ‘praetorium’
1358 2754 1432 2792 long
1462 2753 1631 2783 continued
1659 2757 1691 2780 to

916 2795 955 2825 be
970 2795 1025 2825 the
1040 2806 1133 2826 name
1148 2796 1184 2825 of
1196 2796 1250 2826 the
1265 2797 1434 2835 provincial
1451 2796 1609 2826 residem-1·
1626 2794 1661 2822 os
1672 2804 1690 2822 a

916 2838 1040 2868 Roman
1060 2849 1226 2878 governor,
1254 2840 1410 2870 whatever
1436 2839 1484 2868 his
1511 2847 1601 2867 nunu·
1627 2835 1689 2865 and

914 2881 984 2911 title
1031 2885 1178 2912 wera—⁴
1192 2886 1336 2921 praetore
1374 2878 1609 2912 Macedoniae&
1652 2877 1687 2906 L.

915 2923 1079 2963 Apuleius,
1096 2935 1122 2955 c.
1144 2926 1192 2955 ll.
