1816 3211
211 691 741 768 ORATIONUM
827 690 1538 767 PHILIPPIGARUM

630 863 835 909 LIBER
871 863 1126 910 NONUS.

139 1160 173 1202 Ι.
219 1160 422 1202 VELLEM
453 1161 507 1202 dii
529 1161 785 1203 immortales
815 1162 1026 1213 fecissent,
1059 1167 1202 1218 patres
1237 1162 1473 1217 conscripti,
1507 1166 1556 1203 ut
1576 1162 1668 1204 vivo

77 1226 217 1281 potius
253 1226 341 1267 Ser.
365 1226 547 1282 Sulpicio
577 1227 737 1281 gratias
768 1242 988 1282 ageremus
1013 1242 1139 1283 quam
1159 1228 1338 1269 honores
1358 1232 1523 1268 mortuo
1545 1242 1668 1282 quae-

77 1305 276 1331 reremus.
339 1290 428 1332 Nec
463 1306 561 1332 vero
593 1291 737 1332 dubito
765 1292 876 1347 quin,
900 1292 934 1333 si
965 1292 1031 1333 ille
1052 1293 1113 1334 vir
1143 1293 1396 1347 legationem
1431 1292 1668 1333 renuntiare

78 1355 299 1410 potuisset,
336 1356 496 1397 reditus
528 1357 619 1411 ejus
639 1362 683 1398 et
703 1357 824 1398 nobis
857 1361 1004 1412 gratus
1035 1357 1161 1398 fuerit
1181 1362 1225 1399 et
1245 1357 1304 1398 rei
1334 1357 1524 1412 publicae
1559 1357 1670 1398 salu-

77 1420 183 1461 taris
213 1420 404 1469 futurus3
439 1435 522 1461 non
550 1435 631 1475 quo
655 1421 704 1462 L.
729 1421 923 1477 Philippo
951 1427 995 1463 et
1019 1422 1067 1462 L.
1092 1422 1237 1463 Pisoni
1270 1426 1345 1463 aut
1380 1422 1561 1463 studium
1595 1426 1670 1463 aut

80 1499 181 1525 cura
202 1485 381 1526 defuerit
402 1485 443 1525 in
464 1490 584 1527 tanto
606 1486 740 1527 officio
770 1491 976 1542 tantoque
1010 1502 1193 1537 munere,
1218 1488 1291 1528 sed
1313 1502 1439 1542 quum
1463 1487 1553 1528 Ser.
1578 1486 1669 1527 Sul-

77 1549 212 1604 picius
232 1554 374 1591 aetate
395 1550 487 1591 illos
507 1550 701 1602 anteiret,
723 1551 929 1607 sapientia
951 1566 1107 1603 omnes,
1126 1552 1266 1594 subito
1288 1557 1458 1607 ereptus
1479 1566 1500 1592 e
1523 1566 1671 1592 caussa

79 1619 215 1656 totam
244 1615 496 1670 legationem
525 1617 671 1656 orbam
692 1622 735 1658 et
754 1617 1015 1658 debilitatam
1036 1617 1213 1673 reliquit.
1276 1617 1397 1670 Quod
1418 1616 1453 1657 si
1476 1616 1671 1671 cuiquam

75 1680 218 1734 justus
250 1680 384 1721 honos
419 1680 588 1722 habitus
616 1686 681 1723 est
702 1682 744 1722 in
764 1687 900 1723 morte
930 1682 1081 1737 legato,
1106 1682 1148 1722 in
1168 1682 1279 1722 nullo
1296 1682 1452 1736 justior
1482 1696 1607 1735 quam
1628 1680 1670 1721 in

83 1743 173 1785 Ser.
198 1743 381 1799 Sulpicio
403 1745 646 1799 reperietur.
709 1745 862 1796 Ceteri,
883 1746 952 1800 qui
970 1746 1011 1786 in
1032 1747 1241 1800 legatione
1261 1750 1440 1786 mortem
1461 1746 1668 1795 obierunt,

79 1809 134 1848 ad
154 1808 361 1849 incertum
381 1809 490 1849 vitae
521 1809 749 1863 periculum
779 1810 868 1850 sine
895 1810 977 1850 ullo
1005 1810 1154 1852 mortis
1186 1815 1302 1851 metu
1336 1810 1514 1865 profecti
1541 1815 1666 1859 sunt;

84 1871 174 1912 Ser.
199 1872 408 1926 Sulpicius
436 1887 529 1913 cum
561 1873 699 1928 aliqua
732 1874 998 1928 perveniendi
1029 1875 1084 1915 ad
1119 1875 1181 1916 M.
1206 1874 1441 1916 Antonium
1472 1889 1545 1930 spe
1577 1889 1671 1929 pro-

82 1936 219 1977 fectus
240 1942 316 1987 est,
340 1937 452 1978 nulla
482 1938 730 1978 revertendi.
792 1937 874 1989 Qui
895 1953 1022 1993 quum
1054 1939 1115 1980 ita
1145 1940 1324 1980 affectus
1346 1944 1457 1980 esset
1478 1945 1541 1990 ut,
1561 1939 1596 1980 si
1617 1939 1670 1980 ad

82 2015 254 2055 gravem
274 2002 550 2043 valetudinem
571 2002 689 2043 labor
707 2003 966 2053 accessisset,
991 2004 1069 2044 sibi
1090 2004 1177 2058 ipse
1199 2004 1416 2053 diffideret,
1441 2019 1524 2045 non
1554 2019 1671 2045 recu-

82 2066 191 2106 savit
227 2081 307 2121 quo
338 2066 474 2106 minus
503 2067 567 2107 vel
600 2072 790 2108 extremo
822 2067 986 2122 spiritu,
1020 2068 1055 2109 si
1091 2083 1215 2123 quam
1247 2083 1368 2124 opem
1392 2068 1451 2109 rei
1484 2069 1673 2124 publicae

83 2129 190 2170 ferre
223 2134 375 2185 posset,
401 2131 676 2186 experiretur.
739 2132 889 2186 Itaque
920 2122 1003 2173 non
1033 2133 1147 2173 illum
1168 2133 1228 2174 vis
1248 2133 1407 2183 hiemis,
1430 2148 1512 2174 non
1542 2134 1670 2184 nives,

83 2208 168 2235 non
197 2195 416 2249 longitudo
452 2195 625 2246 itineris,
663 2210 747 2236 non
775 2196 979 2251 asperitas
1014 2197 1186 2249 viarum,
1220 2213 1303 2238 non
1333 2199 1503 2238 morbus
1533 2197 1672 2253 ingra-

84 2273 256 2299 vescens
288 2260 541 2307 retardavit3
587 2275 794 2317 quumque
823 2262 910 2316 jam
948 2262 1002 2302 ad
1038 2277 1308 2317 congressum
1341 2262 1671 2318 colloquiumque

87 2324 177 2377 ejus
208 2324 465 2377 pervenisset
485 2325 537 2365 ad
561 2340 684 2380 quem
713 2331 802 2367 erat
829 2327 993 2377 missus,
1023 2327 1065 2368 in
1094 2328 1186 2383 ipsa
1215 2342 1314 2369 cura
1335 2333 1378 2369 et
1398 2328 1672 2370 meditatione

88 2387 268 2428 obeundi
287 2388 350 2427 sui
370 2390 553 2430 muneris
575 2391 756 2432 excessit
777 2406 799 2432 e
819 2391 918 2432 vita.

148 2451 215 2491 Ut
235 2451 364 2505 igitur
383 2453 473 2503 alia,
497 2454 555 2494 sic
576 2455 666 2504 hoc⁷
692 2455 737 2497 G.
763 2456 912 2505 Pansa,
937 2456 1157 2510 praeclare,
1181 2458 1291 2511 quod
1312 2472 1387 2498 nos
1409 2461 1451 2498 et
1471 2457 1524 2498 ad
1544 2457 1672 2499 hono-

90 2515 267 2556 randum
290 2516 379 2556 Ser.
404 2517 630 2572 Sulpicium
652 2520 897 2561 cohortatus
911 2535 966 2567 eS,
985 2520 1132 2575 etipse
1153 2522 1283 2562 multa
1306 2521 1472 2576 copiose
1494 2522 1543 2562 de
1565 2522 1672 2564 illius

89 2579 212 2622 laude
233 2579 389 2621 dixisti.
451 2581 611 2632 Quibus
631 2598 656 2624 a
676 2589 719 2624 te
741 2584 876 2636 dictis,
896 2584 997 2624 nihil
1017 2590 1183 2639 praeter
1203 2585 1457 2627 sententiam
1477 2585 1671 2637 dicerem,

139 2708 167 2738 l.
195 2708 382 2747 leyatz'onem
405 2712 607 2749 renuntiare]
657 2714 707 2744 He
734 2724 803 2754 says
827 2717 861 2745 to
906 2715 969 2745 this
985 2715 1017 2746 in
1037 2715 1051 2755 [
1068 2716 1096 2756 ].
1141 2715 1209 2746 The
1224 2716 1326 2745 words
1340 2725 1393 2745 are
1408 2715 1548 2755 wanting
1567 2716 1600 2746 in
1615 2717 1672 2754 Vl,

95 2752 103 2767 ‘
114 2753 221 2789 report
235 2751 290 2780 the
306 2751 459 2790 Legatio‚⁷
476 2762 509 2781 as
532 2753 572 2782 he
592 2764 673 2794 says,
690 2756 763 2787 Ver.
780 2757 812 2787 ii.
829 2759 860 2794 3,
905 2758 967 2787 and
997 2758 1064 2788 also
1093 2758 1149 2788 the
1179 2761 1187 2775 ‘
1200 2757 1249 2788 re'
1281 2759 1314 2788 in
1345 2761 1353 2775 ⁴
1366 2757 1560 2797 reperietur!
1604 2759 1674 2789 The

94 2803 122 2823 c.
152 2794 205 2829 31,
237 2796 336 2823 “acta
365 2796 397 2823 et
426 2794 557 2833 imperia
585 2799 640 2826 tua
669 2798 797 2829 domum
821 2800 862 2830 ad
905 2800 1006 2830 words
1022 2801 1123 2830 which
1139 2811 1191 2830 are
1206 2801 1345 2839 wanting
1365 2810 1418 2830 are
1433 2801 1576 2840 supplied
1592 2811 1635 2831 m.
1652 2804 1672 2832 2

95 2838 239 2865 senatum
256 2845 346 2866 suum
362 2837 653 2869 renuntiaverunt.”
906 2842 1047 2883 (Halm).

139 2887 233 2918 quam
262 2879 295 2909 in
327 2879 398 2909 Ser.
420 2879 581 2920 Sulpicio]
631 2881 727 2912 Halm
757 2883 861 2922 places
948 2884 1144 2926 revertendi]
1194 2884 1253 2916 See
1268 2884 1349 2915 Phil.
1365 2885 1386 2917 i.
1403 2894 1430 2915 c.
1449 2885 1476 2917 l.
