1816 3211
676 164 810 207 CAP.
845 165 1026 210 17—19.
1569 171 1647 211 181

55 278 162 329 endi,
192 292 418 333 numquam
450 283 492 320 te
522 278 565 318 in
597 282 665 320 tot
695 278 857 334 flagitia
884 279 1204 336 ingurgitasses.
1267 279 1428 320 Verum
1460 281 1581 322 audis
1609 282 1650 322 in

53 343 337 398 praesepibus,
372 344 490 384 audis
521 343 563 383 in
591 343 760 398 stupris,
793 344 913 385 audis
945 344 988 384 in
1016 344 1109 386 cibo
1141 349 1184 385 et
1214 344 1323 385 vino.
1387 344 1470 385 Sed
1504 345 1651 388 dicunt

52 408 123 449 isti
157 408 247 463 ipsi,
284 408 354 463 qui
394 409 504 449 mala
531 408 687 458 dolore,
730 409 840 449 bona
880 409 1099 464 voluptate
1140 409 1357 456 definiunt,
1397 409 1645 465 sapientem,

53 473 218 513 etiamsi
249 473 292 513 in
325 472 563 514 Phalaridis
594 478 718 514 tauro
751 473 934 515 inclusus
966 474 1178 515 succensis
1213 474 1382 530 ignibus
1422 479 1646 526 torreatur,

53 537 263 579 dicturum
293 542 434 578 tamen
462 553 588 578 suave
619 538 718 578 illud
750 553 840 579 esse
871 553 998 594 seque
1030 553 1082 579 ne
1114 540 1323 580 tantulum
1353 540 1519 595 quidem
1540 555 1650 581 com-

52 602 223 643 moveri.
299 602 482 644 Tantam
514 603 684 644 virtutis
717 603 799 643 vim
830 617 921 644 esse
946 603 1178 654 voluerunt,
1203 609 1252 645 ut
1279 619 1362 645 non
1387 616 1532 660 posset
1558 620 1649 647 esse

51 682 250 722 umquam
292 667 353 707 vir
395 669 529 708 bonus
561 683 644 708 non
679 668 843 709 beatus.
922 668 1039 720 Quae
1071 674 1136 710 est
1168 669 1297 724 igitur
1329 672 1492 724 poena?
1538 671 1650 726 quod

51 732 325 787 supplicium?
388 732 437 772 Id
473 747 565 773 mea
597 733 808 773 sententia
843 733 955 787 quod
989 734 1180 774 accidere
1212 735 1367 774 nemini
1399 741 1541 790 potest
1571 736 1651 776 nisi

51 798 230 847 nocenti,
267 802 465 852 suscepta
504 797 629 845 fraus,
671 797 873 852 impedita
905 803 949 838 et
982 812 1181 852 oppressa
1219 813 1338 839 mens
1379 800 1648 850 conscientia,

51 864 256 904 bonorum
296 862 479 903 omnium
513 862 665 912 odium,
703 869 805 903 nota
831 863 950 916 justa
990 868 1176 911 senatus,
1211 863 1377 904 amissio
1415 864 1648 919 dignitatis.

54 927 194 968 XIX.
229 926 318 967 Nec
349 926 450 966 mihi
481 927 546 967 ille
581 927 644 966 M.
677 927 876 981 Regulus,
911 942 1033 982 quem
1069 927 1447 983 Karthaginienses
1474 930 1650 970 resectis

52 991 260 1047 palpebris
300 991 506 1046 illigatum
546 991 588 1031 in
627 991 820 1032 machina
868 991 1078 1046 vigilando
1128 998 1395 1043 necaverunt,
1448 995 1648 1049 supplicio

51 1057 216 1098 videtur
255 1056 464 1103 affectus;
517 1070 595 1097 nec
637 1056 683 1097 C.
724 1056 900 1106 Marius,
944 1071 1066 1111 quem
1109 1057 1233 1098 Italia
1283 1063 1450 1100 servata
1489 1061 1542 1100 ab
1582 1059 1650 1100 illo

53 1122 290 1163 demersum
319 1121 362 1161 in
396 1121 753 1162 Minturnensium
783 1121 1013 1176 paludibus,
1048 1122 1195 1163 Africa
1228 1123 1394 1164 devicta
1424 1124 1476 1164 ab
1505 1124 1651 1165 eodem

53 1187 274 1242 expulsum
294 1191 338 1227 et
359 1186 605 1240 naufragum
629 1186 745 1226 vidit.
810 1186 1025 1227 Fortunae
1059 1187 1169 1227 enim
1196 1187 1279 1228 ista
1309 1188 1396 1228 tela
1422 1193 1534 1236 sunt,
1567 1204 1651 1229 non

54 1251 228 1306 culpae;
262 1251 509 1305 supplicium
539 1255 682 1291 autem
713 1255 778 1290 est
808 1254 942 1305 poena
962 1252 1138 1305 peccati.
1203 1251 1350 1306 Neque
1371 1267 1468 1293 vero
1490 1267 1582 1308 ego,
1616 1253 1650 1294 si

53 1330 249 1371 umquam
271 1314 387 1355 vobis
407 1315 516 1355 mala
545 1329 752 1369 precarer,
786 1316 897 1370 quod
927 1330 1051 1370 saepe
1083 1316 1279 1365 feci,——in
1303 1331 1384 1371 quo
1407 1317 1463 1357 dii
1485 1318 1651 1359 immor-

54 1381 160 1422 tales
181 1394 293 1420 meas
317 1394 461 1434 preces
492 1379 1007 1430 audiverunt,—morbun1
1029 1386 1102 1421 aut
1123 1387 1301 1422 mortem
1322 1387 1397 1422 aut
1419 1383 1651 1424 cruciatum

53 1459 261 1501 precarer.
324 1444 536 1498 Thyestea
571 1450 638 1486 est
670 1444 751 1486 ista
784 1446 1016 1486 exsecratio
1051 1451 1201 1500 poetae
1233 1446 1344 1501 vulgi
1375 1447 1535 1488 animos
1568 1462 1651 1490 non

53 1509 302 1565 sapientium
324 1509 532 1550 moventis
550 1526 560 1554 ;
595 1515 643 1550 ut
664 1514 711 1550 tu
736 1514 759 1531 “
774 1510 991 1565 naufragio
1013 1511 1213 1566 expulsus
1235 1512 1432 1566 uspiam”

225 1615 337 1621 -——
358 1590 472 1631 saxis
493 1591 602 1630 fixus
622 1590 794 1644 asperis,
819 1590 1085 1640 evisceratus,

224 1655 356 1697 latere
378 1656 579 1711 penderes
603 1657 671 1708 (ut
691 1655 750 1696 ait
772 1655 856 1705 ille)
881 1670 984 1696 saxa
1005 1670 1206 1711 spargens
1227 1657 1341 1705 tabo,
1365 1658 1480 1699 sanie

853 1725 896 1762 et
918 1721 1120 1776 sanguine
1141 1726 1233 1763 atro
1256 1724 1263 1762 !

52 1842 130 1873 This
152 1843 220 1874 talk
245 1842 343 1873 about
365 1843 421 1873 the
446 1843 521 1872 wise
544 1852 618 1872 man
642 1843 669 1872 is
685 1852 759 1882 very
774 1841 829 1872 ab·

53 1886 137 1916 surd.
185 1886 216 1916 It
231 1887 257 1916 is
273 1886 351 1916 hard
366 1891 399 1916 to
412 1886 558 1916 conceive
567 1886 637 1916 that
652 1886 744 1916 those
759 1885 829 1915 who

52 1929 216 1959 measured
240 1928 360 1959 ‘mala’
382 1929 425 1968 by
447 1929 532 1968 pain,
556 1929 618 1958 and
643 1928 764 1958 ‘bona'
790 1928 830 1967 by

54 1972 208 2010 pleasure,
226 1972 318 2002 could
334 1972 374 2002 be
397 1972 473 2002 such
490 1971 570 2002 sools
586 1982 619 2001 as
642 1975 676 2001 to
692 1981 746 2011 say
762 1971 832 2001 that

53 2015 78 2044 it
93 2024 155 2044 was
172 2014 313 2054 pleasant
329 2021 362 2044 to
379 2014 417 2044 be
432 2015 554 2044 roasted
565 2015 654 2044 alive.
697 2014 747 2044 He
763 2024 832 2053 says

53 2057 108 2086 the
134 2067 219 2087 same
245 2057 341 2087 about
358 2058 513 2097 Epicurus
534 2058 566 2087 in
582 2057 716 2087 another
742 2057 831 2097 place

54 2099 163 2140 (Tusc.
180 2101 270 2140 Disp.
287 2101 318 2130 ii.
337 2102 374 2136 7:
401 2101 587 2140 “Epicurus
610 2111 683 2130 vcro
703 2109 740 2130 ea
755 2100 831 2130 dicit

53 2146 90 2172 ut
99 2143 176 2172 mihi
189 2143 315 2183 quidem
326 2144 407 2173 risus
419 2147 544 2182 captare
555 2143 707 2173 videatur.
736 2143 829 2173 Affir-

55 2189 120 2215 mat
135 2186 219 2215 enim
236 2186 372 2225 quodam
390 2186 468 2221 loco,
486 2186 512 2215 si
527 2191 636 2216 uratur
652 2186 787 2225 sapiens,
805 2186 831 2215 si

54 2228 399 2267 crucieturss-expectas
426 2227 557 2258 fortasse
572 2228 646 2258 dum
664 2228 756 2265 dicat,
773 2238 829 2268 pa-

55 2270 161 2304 tietur,
182 2270 328 2310 perferet,
342 2280 404 2300 non
417 2271 600 2301 succumbet
613 2283 619 2300 :
637 2281 751 2310 magna
763 2281 829 2300 me-

55 2312 182 2342 hercule
198 2313 316 2349 laus‚et
331 2323 368 2343 eo
380 2314 448 2352 ipso
459 2324 514 2353 per
524 2324 617 2353 quern
631 2314 733 2353 juravi
747 2314 829 2343 Her-

55 2355 124 2385 cule
149 2355 263 2394 digna;
287 2355 340 2385 sed
364 2355 500 2395 Epicuro
522 2356 642 2386 homini
664 2366 774 2396 aspero
798 2360 831 2386 et

55 2398 145 2433 duro,
159 2408 223 2428 non
238 2401 286 2428 est
302 2398 361 2428 hoc
385 2399 477 2429 satis:
502 2400 534 2429 in
552 2399 724 2429 Phalaridis
739 2403 830 2429 tauro

55 2441 81 2470 si
97 2441 155 2470 erit
171 2441 263 2476 dicet,
281 2441 384 2474 Quum
401 2451 495 2472 suave
510 2445 558 2472 est
572 2442 642 2478 hoc,
659 2452 754 2482 quam
770 2442 830 2472 hoc

56 2493 120 2513 non
133 2493 206 2513 curo
220 2483 269 2523 '’).

98 2529 245 2565 suscepta
270 2526 387 2565 frans]
429 2526 498 2556 The
529 2527 766 2558 consciousness
796 2527 832 2557 of

57 2569 153 2598 crime
168 2569 194 2598 is
210 2569 264 2598 the
279 2572 417 2607 greatest
429 2569 644 2608 punishment,
657 2580 690 2599 as
703 2571 743 2600 he
758 2580 828 2610 says

57 2610 133 2651 (Pro
153 2611 266 2641 Roscio
284 2611 444 2646 Amerino,
459 2621 484 2640 c.
503 2611 558 2651 24)
574 2623 580 2641 :
606 2615 625 2628 ‘⁴
640 2612 703 2642 Sua
719 2623 829 2652 quem-

56 2664 118 2694 que
148 2654 233 2684 fraus
259 2657 292 2683 et
318 2663 393 2683 suus
420 2658 519 2683 terror
545 2654 680 2684 maxime
703 2655 828 2685 vexat.”

56 2701 65 2714 ⁴
80 2697 232 2736 Suscepta
248 2697 332 2726 fraus
344 2696 351 2706 ’
377 2706 484 2726 means
500 2696 579 2735 guilt
593 2706 629 2726 or
649 2697 744 2727 crime
756 2708 830 2727 con-

56 2740 160 2770 ceived
177 2740 239 2769 and
256 2739 404 2779 planncd.
437 2738 567 2768 Abrami
584 2744 695 2778 quotes
713 2740 831 2779 Ulpiun

57 2782 122 2821 (De
146 2782 323 2812 Verborum
349 2781 452 2819 signif.
477 2781 548 2819 Dig.
575 2784 625 2811 50.
651 2782 699 2817 16,
731 2782 803 2820 131)
820 2795 826 2812 :

57 2825 186 2855 “Aliud
210 2829 258 2855 est
284 2825 379 2859 fraus,
396 2824 479 2853 aliud
505 2833 617 2863 poena,
637 2823 721 2853 fraus
747 2825 832 2855 enim

55 2867 123 2898 sine
135 2877 237 2907 poena
246 2878 314 2898 esse
327 2871 551 2906 potcst.poenn
562 2867 628 2896 sinc
644 2866 752 2896 fraude
764 2877 832 2898 csse

56 2919 121 2940 non
138 2914 252 2950 potest.
278 2910 383 2940 Poena
395 2914 443 2939 est
459 2919 558 2939 noxae
568 2909 722 2945 vindicta;
747 2909 831 2940 fraus

57 2953 171 2993 etipsa
186 2962 267 2984 noxa
289 2953 411 2990 dicitur,
428 2955 461 2983 et
483 2951 572 2992 quasi
596 2961 716 2991 poenae
738 2961 831 2992 quae-

875 1841 947 1872 dam
963 1842 1196 1882 praeparatio.''

918 1889 994 1916 nota
1022 1886 1132 1926 justa]
1175 1888 1270 1916 ‘nota
1298 1885 1393 1916 iusti’
1420 1886 1455 1916 F.
1488 1886 1519 1917 S.
1560 1889 1653 1916 ‘nota

874 1928 976 1958 iusta’
1001 1928 1042 1958 V.
1090 1929 1230 1959 Faernus
1253 1933 1349 1959 wrote
1381 1932 1473 1959 ‘nota
1501 1930 1606 1959 inusta
1636 1940 1654 1959 a

876 1971 1010 2001 senatu.'
1059 1971 1155 2001 Halm
1173 1972 1230 2002 has
1257 1975 1265 1988 ‘
1279 1975 1355 2002 nota
1379 1972 1485 2002 inusta
1501 1971 1651 2002 senatus!

877 2015 1014 2053 Though
1040 2014 1180 2044 ‘iustus'
1212 2014 1273 2044 and
1306 2015 1471 2045 ‘inustus'
1511 2025 1582 2054 may
1614 2015 1653 2044 bc

875 2057 1086 2093 confounded,
1114 2058 1202 2087 there
1232 2058 1258 2087 is
1285 2067 1326 2087 no
1358 2058 1458 2087 sound
1487 2058 1654 2096 judgment

875 2101 984 2130 shown
1000 2101 1032 2129 in
1049 2101 1103 2130 the
1119 2100 1331 2133 emendation,
1349 2100 1376 2130 if
1400 2101 1520 2139 ‘justus
1535 2100 1542 2109 “
1568 2101 1653 2140 gives

875 2154 893 2173 a
909 2144 1065 2174 sufficient
1082 2153 1191 2179 sense;
1215 2143 1277 2172 and
1291 2143 1303 2172 I
1318 2143 1408 2173 think
1426 2144 1449 2173 it
1466 2143 1550 2173 does.

922 2188 970 2217 19.
996 2186 1155 2225 Reyutns]
1184 2187 1242 2216 See
1268 2186 1327 2216 Pro
1344 2186 1456 2221 Sestio,
1478 2196 1504 2216 c.
1522 2188 1573 2221 59,
1590 2185 1652 2215 und

874 2229 930 2259 the
960 2234 1036 2259 note
1065 2239 1106 2258 on
1141 2229 1291 2268 Regulus.
1340 2229 1534 2269 Pomponius
1561 2229 1650 2268 (Dig.

875 2274 925 2303 49.
947 2273 994 2302 15.
1012 2273 1043 2307 5,
1063 2275 1078 2309 ξ
1096 2270 1130 2311 3)
1156 2272 1269 2311 speaks
1290 2271 1326 2301 of
1347 2272 1400 2301 the
1427 2277 1511 2311 story
1529 2271 1565 2301 of
1590 2271 1651 2301 Re-

1601 2324 1652 2343 see

1599 2358 1640 2374 o.)

1600 2378 1651 2386 ..ι-ι.

874 2315 965 2354 gulus
989 2325 1023 2345 as
1039 2325 1079 2344 an
1095 2315 1255 2345 historical
1271 2314 1398 2344 fact.—‘
1414 2315 1535 2344 Marius
1548 2326 1554 2343 :
1569 2313 1576 2326 ’

876 2358 983 2391 Quum
1023 2358 1155 2397 Populo,
1180 2368 1206 2387 c.
1235 2359 1254 2387 8
1270 2369 1277 2394 3
1311 2358 1369 2387 Pro
1397 2358 1509 2392 Sestio,
1541 2367 1567 2386 c.

875 2400 997 2430 Marius
1012 2401 1106 2430 saved
1124 2400 1204 2440 Italy
1219 2401 1251 2430 in
1268 2401 1322 2430 the
1343 2400 1481 2430 Cimbric
1501 2409 1572 2435 war,
1590 2399 1651 2429 and

874 2443 1052 2484 conquered
1066 2443 1172 2473 Africa
1184 2444 1216 2473 in
1229 2443 1284 2473 the
1296 2453 1357 2473 war
1373 2443 1448 2472 with
1464 2442 1633 2481 Jugurthn.

912 2486 1042 2525 poetae]
1070 2486 1192 2516 Ennius
1222 2486 1253 2516 in
1279 2486 1327 2515 his
1358 2486 1486 2525 tragedy
1505 2485 1541 2514 of
1563 2484 1649 2523 Thy-

872 2533 964 2559 estes.
1010 2529 1119 2559 Cicero
1142 2528 1250 2568 (Tusc.
1277 2529 1296 2558 i.
1323 2528 1380 2566 44)
1396 2541 1402 2558 ι
1428 2532 1447 2545 ··
1463 2528 1651 2558 Exsccratur

874 2572 1042 2601 luculentis
1059 2582 1134 2601 sane
1150 2571 1290 2601 versibus
1306 2571 1390 2610 apud
1407 2571 1547 2600 Ennium
1564 2570 1648 2608 'rhy-

874 2619 966 2650 estes,
983 2615 1122 2654 primum
1139 2618 1175 2644 ut
1191 2614 1354 2653 naufragio
1371 2618 1477 2653 pereat
1491 2614 1650 2643 Atreus—-

875 2684 894 2698 ⁴⁶
908 2681 1123 2721 Ipsesummis
1136 2681 1218 2711 saxis
1230 2682 1311 2711 fixus
1321 2681 1440 2720 asperis
1451 2680 1647 2724 evisceratus.

912 2724 1025 2754 Latere
1041 2724 1192 2763 pendens,
1209 2734 1283 2753 saxa
1299 2732 1448 2763 spargens
1464 2721 1548 2755 tabo,
1566 2728 1650 2748 sanic

962 2771 994 2797 et
1011 2767 1164 2806 sanguine
1179 2766 1283 2796 atro.''

878 2825 986 2855 Cicero
1003 2825 1059 2855 has
1087 2825 1215 2864 slightly
1232 2824 1349 2853 altered
1373 2823 1427 2852 tho
1450 2829 1536 2850 verse
1556 2823 1648 2856 (pen-

875 2867 981 2906 deres)
995 2871 1028 2897 to
1052 2868 1116 2897 suit
1143 2868 1191 2897 his
1216 2870 1373 2896 sentence.
1437 2862 1571 2898 Perhaps
1596 2858 1650 2887 tho

875 2910 976 2940 words
1003 2913 1010 2927 ‘
1022 2910 1184 2949 naufragio
1197 2909 1345 2948 expulsus
1361 2906 1479 2945 uspiam
1493 2903 1500 2916 '
1517 2911 1569 2932 are
1584 2900 1650 2929 also

875 2952 931 2982 the
946 2952 1046 2983 words
1061 2952 1097 2983 of
1109 2951 1243 2982 Ennius.
