1816 3211
126 202 209 242 442
479 201 657 243 ORAT.
691 202 811 243 PRO
846 202 1008 242 REGE
1042 201 1359 244 DEIOTARO

126 328 230 369 quae
260 318 382 356 tanta
404 315 559 356 delebit
580 315 760 357 oblivio?
821 314 931 366 Quid
963 315 1013 355 dc
1034 315 1190 356 virtute
1221 315 1312 368 ejus
1342 315 1491 365 dicam,
1516 317 1566 357 de
1598 330 1716 369 mag·-

126 380 314 421 nitudine
354 381 491 430 animi,
535 381 758 435 gravitate,
802 381 1065 421 constantia?
1109 394 1215 434 quae
1256 395 1399 421 omnes
1438 381 1549 422 docti
1588 387 1716 435 atquc

126 446 337 501 sapientes
370 461 541 493 summa,
574 446 742 499 quidam
775 445 901 485 etiam
938 445 1028 485 sola
1060 446 1169 485 bona
1205 459 1296 485 esse
1333 446 1536 495 dixerunt,
1569 446 1716 499 hisque

127 526 209 552 non
257 511 381 550 modo
422 510 475 549 ad
516 510 633 556 bene,
677 510 750 549 sed
792 509 921 550 etiam
960 510 1014 549 ad
1054 510 1176 550 beate
1216 509 1436 550 vivendum
1476 516 1718 551 contentam

127 590 218 616 esse
240 576 451 615 virtutem.
517 573 636 613 Haec
662 574 728 613 ille
749 578 952 628 reputans
974 579 1016 615 et
1045 574 1133 614 dies
1161 579 1389 629 noctesque
1415 575 1607 629 cogitans
1634 588 1717 613 non

127 641 249 680 modo
282 639 359 680 tibi
399 653 482 679 non
522 643 921 680 succenset—esset
956 639 1065 679 enim
1105 653 1187 679 non
1228 639 1361 679 solum
1400 639 1602 694 ingratus,
1645 638 1719 679 sed

126 705 253 746 etiam
274 719 621 745 amens—verum
652 719 816 745 omnem
844 704 1192 758 tranquillitatem
1216 708 1260 745 et
1280 704 1462 758 quietem
1483 703 1716 745 senectutis

124 775 342 825 acceptam
363 769 490 809 refert
511 768 757 809 clementiae
778 773 891 810 tuae.
953 768 1088 809 XIV.
1123 769 1215 821 Quo
1246 770 1413 824 quidem
1433 769 1570 810 animo
1592 783 1720 824 quum

124 839 249 876 antea
283 834 375 884 fuit,
413 839 504 874 tum
537 848 619 876 non
653 834 799 874 dubito
833 834 933 889 quin
965 834 1050 874 tuis
1077 834 1241 884 litteris,
1277 849 1452 889 quarum
1484 834 1720 889 exemplum

123 899 220 954 legi,
244 913 347 954 quas
367 899 420 939 ad
441 913 536 939 eum
559 898 797 938 Tarracone
824 899 920 939 huic
944 898 1154 939 Blesamio
1184 899 1348 948 dedisti,
1371 914 1415 940 se
1436 899 1570 954 magis
1590 899 1718 940 etiam

125 964 307 1005 erexerit
335 965 388 1004 ab
430 963 623 1017 omnique
665 963 944 1004 sollicitudine
979 964 1249 1005 abstraxerit.
1310 964 1340 1004 J
1345 965 1446 1004 ubes
1482 964 1589 1005 enim
1625 978 1719 1004 eum

124 1030 230 1070 bene
252 1043 419 1084 sperare
441 1033 483 1069 et
505 1029 614 1068 bono
636 1042 727 1068 esse
747 1028 886 1068 animo
904 1045 914 1074 ;
950 1029 1059 1083 quod
1080 1029 1166 1069 scio
1182 1033 1224 1069 te
1241 1043 1323 1069 non
1344 1030 1501 1070 frustra
1521 1029 1717 1069 scribere.

127 1094 302 1134 Memini
343 1094 453 1134 enim
494 1093 640 1134 iisdem
681 1094 766 1134 fere
802 1093 938 1134 verbis
978 1094 1030 1134 ad
1066 1108 1131 1134 me
1162 1098 1205 1135 te
1238 1094 1418 1134 scribere
1453 1108 1601 1148 meque
1633 1093 1718 1134 tuis

122 1158 277 1200 litteris
313 1159 417 1199 bene
455 1173 623 1212 sperare
656 1173 740 1198 non
775 1159 931 1199 frustra
966 1173 1056 1198 esse
1086 1159 1262 1212 jussum.
1327 1159 1491 1199 Laboro
1526 1157 1718 1212 equidem

124 1224 237 1278 regis
274 1223 464 1264 Deiotari
506 1237 666 1272 caussa,
709 1237 887 1276 quocum
923 1223 1024 1263 mihi
1059 1223 1287 1263 amicitiam
1320 1238 1386 1264 res
1420 1223 1586 1278 publica
1620 1237 1717 1263 con-

123 1288 290 1337 ciliavit,
343 1287 570 1342 hospitium
609 1287 803 1328 voluntas
847 1287 1065 1342 utriusque
1115 1287 1342 1342 conjunxit,
1393 1287 1720 1328 familiaritatem

122 1353 381 1395 consuetudo
403 1352 561 1399 attulit,
584 1366 789 1392 summam
809 1367 906 1393 vero
928 1352 1279 1393 necessitudinem
1299 1367 1452 1407 magna
1473 1353 1563 1406 ejus
1584 1352 1719 1393 officia

121 1419 164 1460 in
183 1433 250 1460 me
273 1423 317 1460 et
338 1418 379 1458 in
408 1418 641 1459 exercitum
667 1432 807 1458 meum
838 1418 1087 1460 effecerunt:
1122 1419 1195 1459 sed
1226 1433 1353 1473 quum
1383 1418 1434 1459 de
1464 1418 1532 1459 illo
1562 1418 1716 1467 laboro,

121 1488 213 1525 tum
246 1484 298 1524 de
333 1483 477 1524 multis
511 1482 777 1537 amplissimis
805 1483 915 1532 viris,
945 1484 1096 1538 quibus
1123 1484 1251 1524 semel
1278 1483 1471 1537 ignotum
1501 1498 1527 1523 a
1555 1489 1600 1524 te
1629 1497 1718 1524 esse

122 1552 304 1603 oportet,
339 1562 415 1588 nec
451 1547 699 1588 beneficium
734 1552 854 1589 tuum
886 1548 927 1588 in
963 1548 1136 1589 dubium
1167 1548 1319 1598 vocari,
1354 1563 1430 1589 nec
1470 1548 1642 1589 haerere
1676 1548 1719 1588 in

121 1612 270 1654 animis
291 1612 505 1653 hominum
526 1613 850 1653 sollicitudinem
871 1614 1183 1668 sempiternam,
1206 1628 1282 1654 nec
1312 1613 1501 1654 accidere
1531 1618 1579 1654 ut
1609 1613 1717 1667 quis-

120 1692 247 1732 quam
277 1683 320 1719 te
350 1677 499 1718 timere
531 1677 704 1730 incipiat
732 1692 874 1718 eorum
906 1678 974 1733 qui
1003 1678 1088 1718 sint
1110 1678 1239 1718 semel
1258 1692 1283 1718 a
1306 1682 1347 1718 te
1367 1677 1530 1718 liberati
1551 1677 1716 1718 timore.

123 1741 220 1783 Non
251 1743 394 1791 debeo,
419 1742 464 1783 G.
490 1742 656 1792 Caesar,
680 1743 791 1796 quod
823 1742 913 1782 fieri
949 1742 1056 1783 solet
1089 1742 1130 1781 in
1163 1742 1294 1782 tantis
1324 1742 1527 1796 periculis,
1552 1747 1718 1782 tentare

121 1822 304 1862 quonam
344 1807 466 1847 modo
509 1807 685 1847 dicendo
726 1806 1055 1846 misericordiam
1092 1812 1209 1847 tuam
1249 1821 1508 1848 commovere
1548 1807 1717 1862 possim.

124 1872 237 1912 Nihil
275 1886 379 1926 opus
416 1876 494 1912 est.
557 1871 788 1912 Occurrere
820 1872 927 1912 solet
962 1872 1054 1926 ipsa
1081 1871 1338 1926 supplicibus
1371 1877 1414 1912 et
1451 1873 1716 1922 calamitosis,

121 1936 274 1977 nullius
307 1935 496 1976 oratione
531 1941 720 1976 evocata.
783 1936 977 1990 Propone
1009 1936 1086 1977 tibi
1123 1937 1226 1976 duos
1256 1952 1390 1991 reges,
1424 1942 1468 1978 et
1503 1937 1544 1977 id
1579 1937 1718 1977 animo

123 2001 403 2055 contemplare
442 2001 553 2055 quod
594 2000 722 2041 oculis
761 2015 844 2041 non
885 2005 1020 2055 potes.
1082 2001 1215 2042 Dabis
1255 2002 1442 2056 profecto
1479 2001 1521 2041 id
1560 2001 1718 2042 miseri-

123 2067 301 2115 cordiae,
334 2066 445 2120 quod
476 2065 713 2106 iracundiae
744 2067 978 2121 denegasti.
1042 2067 1181 2108 Multa
1211 2072 1310 2108 sunt
1340 2072 1609 2108 monumenta
1640 2067 1719 2108 cle-

122 2131 302 2172 mentiae
342 2137 452 2180 tuae,
490 2131 564 2171 sed
604 2131 785 2172 maxime
824 2146 968 2172 eorum
1008 2132 1320 2173 incolumitates
1355 2132 1504 2187 quibus
1543 2132 1719 2173 salutem

124 2195 291 2237 dedisti.
353 2197 470 2248 Quae
493 2195 527 2236 si
549 2195 590 2235 in
612 2195 787 2250 privatis
807 2196 990 2251 gloriosa
1012 2202 1122 2245 sunt,
1145 2197 1287 2238 multo.
1307 2197 1442 2252 magis
1472 2211 1719 2237 commemo-

123 2262 328 2302 rabuntur
357 2261 399 2301 in
428 2260 612 2315 regibus.
674 2260 847 2316 Semper
867 2261 1027 2316 regium
1048 2276 1200 2302 nomen
1230 2261 1272 2302 in
1302 2262 1381 2303 hac
1408 2261 1579 2303 civitate
1600 2275 1718 2302 sanc-

125 2331 217 2367 tum
265 2325 372 2371 fuit3
427 2325 634 2366 sociorum
682 2340 779 2366 vero
827 2341 974 2381 regum
1024 2334 1066 2366 et
1115 2327 1346 2367 amicorum
1395 2326 1718 2367 sanctissimum.

127 2389 235 2431 XV.
269 2390 391 2443 Quod
425 2404 575 2431 nomen
609 2390 649 2430 hi
685 2405 806 2446 reges
838 2406 889 2432 ne
924 2390 1171 2432 amitterent
1203 2397 1247 2433 te
1282 2391 1439 2433 victore
1474 2391 1715 2441 timuerunt,

170 2537 220 2568 14.
258 2537 453 2575 exemplum]
506 2536 643 2566 Cicero’s
687 2537 777 2567 usual
815 2538 900 2568 word
944 2537 1051 2577 Egypt
1075 2537 1115 2568 he
1141 2540 1239 2568 wrote
1265 2540 1298 2568 to
1323 2538 1454 2569 Cicero:
1491 2538 1573 2569 “Ad
1599 2548 1651 2568 me
1680 2548 1719 2568 ex

125 2580 174 2610 for
189 2590 207 2609 a
222 2589 301 2618 copy
318 2579 352 2608 of
369 2589 387 2608 a
403 2579 504 2609 letter.
552 2579 610 2609 See
621 2580 733 2616 Index,
749 2580 821 2610 Vol.
835 2581 900 2610 i.—-
944 2581 1090 2620 Aegypto
1106 2581 1226 2611 litteras
1242 2581 1360 2618 misit‚”
1380 2582 1439 2611 Pro
1457 2582 1593 2620 Ligario,
1611 2592 1635 2611 c.
1654 2583 1687 2611 3.

127 2622 309 2652 ‘Tarraco:'
346 2621 535 2660 Tar-ragona‚
559 2622 612 2651 the
640 2623 724 2652 chief
750 2626 834 2652 town
869 2623 904 2652 of
989 2625 1022 2653 in
1038 2624 1230 2663 exercitum]
1281 2624 1338 2654 See
1363 2624 1417 2654 the
1444 2624 1719 2654 Introduction.—

125 2666 181 2695 the
210 2665 371 2694 Provincia
393 2665 634 2694 Tarraconensis
664 2665 698 2694 of
730 2666 894 2704 Hispania.
943 2669 950 2682 ¹
965 2676 1101 2705 quonam
1118 2666 1212 2695 modo
1225 2666 1244 2695 :’
1263 2669 1270 2682 ‘
1282 2677 1455 2706 ecquonam
1473 2666 1590 2703 m0d0,’
1609 2667 1718 2695 Halm.

127 2708 241 2738 Caesar
257 2718 327 2747 may
343 2707 421 2736 have
437 2707 575 2736 received
592 2708 654 2737 this
680 2708 774 2737 letter
798 2709 898 2738 either
941 2713 993 2730 —‘
1002 2709 1080 2738 duos
1091 2708 1205 2747 regesz’
1216 2709 1270 2738 the
1281 2709 1382 2739 father
1392 2710 1512 2739 andthe
1525 2719 1591 2738 son.
1615 2709 1718 2738 There

126 2751 233 2780 before
264 2751 302 2779 he
332 2750 393 2779 had
423 2750 558 2779 finished
588 2750 641 2779 the
672 2751 805 2789 Spanish
836 2761 898 2780 war
943 2762 1004 2781 was
1021 2762 1062 2781 no
1078 2752 1190 2790 charge
1206 2752 1328 2790 against
1340 2753 1393 2782 the
1410 2762 1477 2787 son,
1494 2761 1528 2781 so
1544 2751 1590 2780 far
1605 2761 1638 2780 as
1655 2751 1717 2780 this

128 2793 208 2831 (13.c.
227 2792 292 2832 45),
313 2803 348 2822 or
371 2792 460 2822 after.
506 2793 574 2821 The
595 2793 655 2822 end
679 2794 712 2822 of
735 2794 790 2823 the
816 2794 899 2823 book
944 2795 1066 2824 oration
1080 2794 1192 2831 shows,
1206 2794 1264 2823 but
1274 2795 1300 2824 if
1312 2795 1366 2825 the
1378 2795 1479 2824 father
1489 2804 1549 2823 was
1563 2794 1717 2832 punished

128 2837 177 2866 De
204 2836 292 2866 Bello
321 2835 522 2874 Hispaniensi
546 2835 572 2864 is
596 2835 757 2872 defective,
787 2837 848 2866 and
876 2837 901 2866 it
945 2837 987 2877 by
1004 2837 1107 2876 losing
1122 2847 1220 2873 more,
1237 2837 1291 2867 the
1307 2848 1364 2867 son
1379 2837 1481 2867 would
1498 2837 1592 2865 suffer
1607 2840 1671 2865 too.

126 2879 228 2909 leaves
244 2878 358 2908 Caesar
372 2882 406 2908 at
423 2878 572 2916 Hispalis.
988 2880 1072 2919 quod
1088 2880 1292 2918 iracundiae]
1343 2883 1362 2897 ‘⁴
1376 2879 1508 2909 Perdere
1529 2879 1716 2909 Deiotarum

170 2922 307 2951 filomini
337 2920 435 2960 enim]
480 2921 586 2950 When
618 2920 733 2950 Caesar
770 2931 831 2951 was
865 2922 897 2951 in
942 2922 1016 2952 licet
1030 2923 1127 2952 iratus
1144 2922 1271 2952 noluisti
1285 2922 1305 2936 '’
1323 2920 1529 2962 (Manutius).
