1816 3211
695 187 830 230 OAP.
862 188 988 229 4-6,
1559 190 1638 231 431

47 304 311 345 Pharnacem
330 303 422 353 fuit,
446 308 650 359 tuumque
677 302 844 343 hostem
877 316 970 343 esse
996 300 1117 343 duxit
1138 315 1273 342 suum.
1337 300 1454 352 Quae
1476 300 1642 355 quidem

44 384 70 410 a
89 373 133 410 te
155 368 197 409 in
219 383 310 409 eam
332 374 495 423 partem
523 373 698 423 accepta
728 373 838 417 sunt,
861 366 1028 417 Caesar,
1053 370 1101 407 ut
1121 381 1216 407 611111
1244 365 1501 421 amplissimo
1531 365 1643 420 regis

44 434 202 474 honore
222 438 265 474 et
285 433 452 474 nomine
472 433 672 474 affeceris.

106 498 149 539 Is
182 498 311 553 igitur
343 514 425 539 non
461 499 585 539 modo
613 513 638 539 a
671 503 714 539 te
744 496 925 553 periculo
961 497 1177 545 liberatus,
1216 495 1288 536 sed
1325 494 1452 536 etiam
1486 495 1643 535 honore

44 562 300 617 amplissimo
338 568 522 613 ornatus,
557 563 750 618 arguitur
791 561 902 602 domi
941 567 985 603 te
1020 576 1121 602 suae
1162 560 1395 601 interficere
1435 559 1639 606 voluisse;

44 628 155 683 quod
187 637 248 677 tu,
287 628 365 668 nisi
401 643 496 668 eum
531 627 852 668 furiosissimum
884 626 1061 681 judicas,
1098 625 1300 681 suspicari
1334 625 1522 680 profecto
1559 640 1644 665 non

43 698 177 749 potes..
240 693 305 734 Ut
337 693 446 733 enirn
480 693 675 734 omittam
706 693 826 747 cujus
857 692 965 733 tanti
995 691 1163 732 sceleris
1194 691 1320 732 fuerit
1351 691 1393 730 in
1415 695 1644 745 conspectu

44 759 216 799 deorum
257 758 471 813 penatium
511 772 659 799 necare
700 757 919 812 hospitem,
962 757 1081 811 cujus
1121 761 1266 797 tantae
1310 756 1644 810 importunitatis

44 823 226 864 omnium
247 823 437 878 gentium
459 828 587 878 atque
609 822 743 863 omnis
774 822 999 862 memoriae
1030 822 1302 862 clarissimum
1323 821 1463 861 lumen
1485 821 1640 862 exstin-

44 903 186 942 guere,
221 888 344 943 cujus
368 893 515 930 tantae
548 887 782 929 ferocitatis
809 887 1012 928 victorem
1040 887 1153 928 orbis
1187 892 1393 928 terrarum
1423 900 1506 926 non
1539 885 1644 927 exti-

44 968 241 1003 mescere,
267 954 386 1008 cujus
407 960 494 995 tam
515 953 730 994 inhumani
752 957 795 994 et
816 952 971 1007 ingrati
992 952 1129 1002 animi,
1153 967 1177 993 a
1198 967 1278 1007 quo
1303 967 1377 992 rex
1408 951 1644 1006 appellatus

45 1024 169 1069 esset,
194 1019 234 1058 in
257 1033 306 1059 eo
328 1024 550 1073 tyrannum
572 1018 743 1059 inveniri
761 1034 772 1064 ς
807 1024 853 1058 ut
874 1018 975 1058 haec
998 1017 1202 1066 omittam,
1221 1018 1340 1071 cujus
1360 1016 1470 1058 tanti
1491 1016 1644 1057 furoris

45 1083 124 1124 fuit
160 1098 304 1124 omnes
335 1098 468 1137 reges,
500 1098 675 1138 quorum
703 1083 824 1124 multi
855 1088 975 1124 erant
1005 1081 1181 1130 finitimi,
1215 1097 1358 1122 omnes
1387 1081 1541 1122 liberos
1571 1097 1644 1136 po-

45 1148 180 1203 pulos,
203 1162 348 1188 omnes
369 1148 516 1197 socios,
536 1163 680 1189 ornnes
701 1147 951 1203 provincias,
970 1147 1108 1188 omnia
1128 1147 1304 1202 denique
1325 1146 1508 1187 oninium
1529 1161 1645 1187 arma

47 1218 197 1253 contra
227 1227 271 1253 se
298 1228 428 1253 unum
458 1213 674 1255 excitare?
736 1214 927 1265 Quonam
961 1212 1027 1252 ille
1062 1211 1188 1252 modo
1223 1227 1315 1252 cum
1352 1227 1495 1267 regno,
1529 1215 1644 1267 [cum

48 1278 206 1331 domo‚]
245 1292 339 1318 cum
371 1278 562 1333 conjuge,
596 1292 690 1318 cum
723 1278 936 1318 carissimo
978 1277 1062 1317 filio
1094 1277 1324 1318 distractus
1355 1283 1478 1328 esset,
1521 1283 1643 1319 tanto

47 1343 204 1383 scelere
237 1357 320 1383 non
352 1343 474 1383 modo
510 1343 709 1398 perfecto,
740 1343 814 1383 sed
845 1342 972 1383 etiam
1007 1341 1221 1397 cogitato?
1283 1341 1365 1382 VI.
1399 1342 1474 1391 At,
1506 1343 1643 1392 credo,

46 1409 150 1449 haec
185 1408 309 1448 homo
340 1407 601 1449 inconsultus
632 1413 674 1448 et
707 1408 955 1449 temerarius
982 1421 1065 1447 non
1087 1407 1434 1459 videbat—Quis
1457 1407 1645 1449 conside-

46 1473 177 1513 ratior
205 1473 287 1521 illo,
321 1472 436 1526 [quis
467 1472 673 1528 tectior];
718 1473 810 1528 quis
838 1472 1110 1527 prudentior?
1152 1486 1406 1527 quamquain
1442 1472 1520 1513 hoc
1551 1473 1644 1514 loco

48 1538 296 1579 Deiotarum
330 1551 414 1576 non
445 1542 534 1578 tam
566 1538 731 1593 ingenio
765 1543 808 1578 et
842 1537 1066 1592 prudentia
1096 1552 1220 1591 quam
1255 1538 1337 1578 fide
1374 1543 1416 1578 et
1446 1538 1644 1592 religione

46 1604 156 1645 vitae
179 1602 482 1644 defendendum
504 1609 621 1657 puto.
674 1603 788 1644 Nota
808 1602 885 1643 tibi
908 1608 974 1643 est
994 1602 1172 1642 hominis
1193 1602 1394 1657 probitas,
1412 1603 1457 1644 C.
1476 1604 1641 1654 Caesar,

47 1669 136 1710 noti
167 1682 318 1717 mores,
341 1676 444 1709 nota
472 1669 722 1710 constantia.
786 1667 863 1709 Cui
884 1682 1021 1723 porro,
1045 1667 1115 1723 qui
1146 1668 1269 1708 modo
1301 1669 1442 1723 populi
1466 1668 1645 1710 Romani

47 1749 200 1775 nomen
245 1733 414 1781 audivit,
464 1733 656 1775 Deiotari
699 1733 934 1788 integritas,
977 1732 1175 1788 gravitaS,
1223 1733 1369 1781 virtus,
1415 1734 1520 1775 fides
1561 1750 1645 1775 non

47 1799 191 1840 audita
231 1799 323 1839 est?
383 1799 504 1851 Quod
540 1799 670 1854 igitur
701 1799 864 1840 facinus
899 1813 976 1839 nec
1008 1799 1050 1838 in
1086 1798 1296 1839 hominem
1336 1800 1644 1854 imprudentem

50 1865 220 1905 caderet
251 1869 424 1918 propter
453 1869 614 1905 metum
641 1864 875 1920 praesentis
903 1864 1032 1913 exitii,
1066 1878 1144 1904 nec
1175 1864 1217 1904 in
1248 1864 1540 1915 facinorosum,
1565 1866 1645 1907 nisi

49 1934 162 1970 esset
195 1928 303 1968 idem
337 1929 658 1979 amentissimus,
697 1929 736 1970 id
770 1945 842 1970 vos
873 1935 917 1971 et
946 1945 972 1970 a
998 1930 1086 1971 viro
1123 1930 1282 1984 optimo
1315 1936 1357 1970 et
1389 1931 1442 1971 ab
1478 1931 1645 1973 homine

48 1993 217 2035 minime
237 1992 369 2035 stulto
392 1995 625 2049 cogitatum
646 2009 736 2036 esse
759 1994 1012 2049 confingitis.
1073 1995 1137 2036 At
1158 2009 1282 2050 quam
1303 2010 1384 2036 non
1405 1997 1530 2038 modo
1561 2012 1645 2038 non

50 2058 314 2108 credibiliter,
347 2059 420 2099 sed
441 2074 492 2100 ne
521 2060 749 2115 suspiciose
780 2061 958 2115 quidem.
1022 2059 1172 2111 Quum,
1197 2060 1341 2115 inquit,
1364 2061 1405 2101 111
1426 2062 1644 2103 castellum

52 2123 250 2165 Luceium
265 2123 446 2165 venisses
462 2130 506 2166 et
526 2125 694 2166 domum
717 2126 827 2180 regis
845 2125 1024 2181 hospitis
1045 2125 1107 2166 tui
1129 2126 1392 2176 devertisses,
1416 2127 1532 2167 locus
1553 2134 1644 2169 erat

97 2238 185 2278 [cum
203 2237 330 2277 domo]]
378 2238 482 2269 These
498 2239 599 2270 words
619 2249 671 2270 are
688 2239 821 2270 omitted
868 2238 1037 2275 ‘cadere;'
1080 2239 1142 2268 and
1180 2239 1307 2269 Tuscul.
1348 2240 1438 2279 Disp.
1478 2240 1520 2269 iii.
1552 2250 1578 2270 c.
1610 2242 1643 2275 4,

50 2282 83 2311 in
109 2282 148 2311 G.
174 2281 213 2310 R.
233 2281 266 2310 F.
314 2281 512 2312 ‘Distractus
539 2282 636 2313 esset?
661 2292 762 2312 seems
791 2287 822 2312 to
869 2282 1027 2312 “videtur
1054 2282 1130 2311 mihi
1155 2282 1264 2312 cadere
1285 2283 1316 2312 in
1341 2283 1514 2322 sapientem
1542 2284 1642 2322 aegri-

51 2334 141 2354 mean
168 2328 260 2353 ‘torn
284 2324 315 2353 in
339 2324 464 2363 picces,'
486 2325 525 2355 he
545 2325 607 2355 and
630 2326 671 2355 all
692 2326 761 2355 that
784 2326 824 2355 he
868 2324 982 2355 tud0.’'
1028 2325 1096 2355 The
1122 2325 1203 2355 form
1229 2325 1264 2355 of
1285 2327 1466 2364 expression
1492 2332 1577 2356 must
1605 2326 1643 2356 be

51 2367 122 2397 had.
169 2366 278 2396 Cicero
306 2367 463 2397 mentions
487 2368 560 2407 only
586 2378 646 2398 one
673 2378 730 2398 son
757 2369 824 2408 (see
869 2367 1010 2407 changed
1035 2368 1067 2397 in
1094 2378 1153 2398 our
1177 2368 1350 2407 language:
1381 2374 1388 2385 ⁶
1404 2369 1486 2399 Such
1506 2379 1524 2399 a
1547 2369 1643 2399 crime

52 2409 204 2449 Introd.)‚
228 2419 262 2439 as
287 2409 319 2438 in
345 2410 424 2440 Phil.
450 2411 492 2440 xi.
523 2412 625 2441 13.—‘
641 2421 705 2440 non
730 2411 824 2440 modo
869 2411 946 2440 then
971 2421 1005 2440 as
1038 2411 1162 2441 neither
1189 2421 1207 2440 a
1238 2421 1310 2441 man
1339 2411 1375 2441 of
1398 2422 1459 2451 any
1491 2412 1643 2451 foresight.

51 2453 104 2482 sed
129 2453 223 2482 ctiam
237 2451 256 2481 :'
283 2454 291 2468 ‘
305 2452 332 2481 if
358 2452 398 2482 he
425 2453 484 2483 had
516 2463 593 2484 even
625 2454 763 2492 thought
792 2453 828 2483 of
869 2453 972 2483 would
990 2453 1028 2484 be
1051 2455 1180 2493 capable
1196 2454 1231 2484 of
1251 2455 1450 2494 committing
1466 2455 1514 2484 sor
1530 2456 1594 2485 tear
1609 2454 1645 2485 of

51 2495 128 2525 such
145 2505 163 2524 a
178 2495 283 2529 crime,
301 2499 333 2525 to
351 2505 405 2536 say
421 2496 554 2536 nothing
578 2496 614 2526 of
633 2496 681 2526 his
706 2497 824 2535 having
870 2497 1049 2526 immediate
1065 2498 1146 2533 ruin,
1165 2496 1237 2526 nor'
1256 2500 1311 2527 810.

52 2537 236 2569 committed
253 2537 300 2567 it-.'
911 2539 1083 2579 Luceium]
1132 2540 1201 2570 The
1224 2541 1353 2579 reading
1376 2540 1411 2570 of
1428 2544 1512 2570 most
1535 2541 1571 2570 of
1587 2541 1642 2570 tho

95 2582 125 2611 6.
155 2580 243 2620 [quis
267 2580 417 2621 tectior]]
445 2584 517 2611 ‘om
543 2581 581 2610 R.
603 2584 634 2611 et
658 2581 726 2610 cod.
750 2581 821 2611 Car.
867 2581 976 2616 Mss„
998 2583 1059 2612 and
1083 2583 1175 2613 those
1198 2583 1299 2612 which
1324 2583 1402 2613 have
1422 2584 1447 2613 it
1473 2588 1539 2618 not,
1564 2583 1642 2612 have

53 2622 339 2662 Steph.’(Ha1m):
365 2623 507 2653 ‘tectior'
524 2624 550 2653 is
574 2624 627 2653 the
648 2624 776 2663 reading
791 2625 827 2654 of
868 2625 1045 2664 something
1074 2635 1149 2665 very
1179 2626 1242 2655 like
1272 2626 1306 2655 it.
1363 2626 1477 2656 strabo
1509 2626 1554 2666 (p.
1587 2626 1639 2661 xii,

51 2677 70 2696 a
86 2667 143 2696 few
162 2666 268 2700 MSS„
285 2666 345 2695 and
365 2666 516 2695 ‘rectior'
534 2666 570 2695 of
591 2666 627 2696 C.
648 2666 681 2696 F.
701 2667 738 2696 G.
762 2667 823 2696 and
868 2677 898 2707 p.
916 2668 994 2708 567)
1012 2678 1081 2707 says
1105 2670 1175 2698 that
1200 2669 1343 2699 Blucium
1367 2669 1561 2707 (Βλοιίκιυν)
1580 2678 1640 2698 was

53 2713 135 2739 most
159 2709 194 2738 of
214 2708 268 2738 the
293 2708 387 2738 MSS.
436 2708 598 2738 ‘Rcctior’
621 2719 690 2748 may
708 2709 746 2739 be
769 2710 823 2739 ud-
868 2720 885 2739 a
908 2711 995 2749 royal
1019 2712 1177 2741 residence
1193 2712 1228 2741 of
1248 2712 1414 2741 Deiotarus
1436 2713 1466 2741 in
1487 2712 1540 2741 the
1561 2711 1641 2740 trihu

53 2752 185 2788 mitted;
210 2751 267 2781 but
291 2752 439 2781 ‘tectior’
465 2755 580 2781 cannot
603 2751 641 2781 be
665 2753 824 2791 accepted,
869 2753 905 2783 of
932 2753 986 2783 the
1011 2754 1229 2794 Tolistobogii.
1291 2755 1454 2785 Groskurd
1486 2752 1639 2793 (Transi.)

52 2795 101 2825 for
126 2794 261 2825 ‘tectus’
292 2804 399 2824 means
425 2794 597 2833 ‘cunning’
623 2795 683 2824 and
706 2795 825 2834 ‘liypo-
871 2796 925 2825 has
959 2796 1100 2836 changed
1138 2798 1192 2827 the
1230 2807 1322 2827 name
1354 2798 1385 2826 in
1423 2797 1545 2830 Strabo,
1578 2795 1640 2823 and

53 2837 194 2868 critical.'
244 2837 394 2867 Patricius
417 2837 572 2876 proposed
589 2837 712 2867 various
735 2838 823 2868 read·
867 2839 990 2869 written
1010 2840 1036 2869 it
1061 2844 1067 2856 ¹
1083 2840 1248 2875 Lukeion,'
1275 2840 1417 2874 because,
1439 2849 1472 2867 ns
1494 2839 1531 2866 he
1558 2847 1638 2875 says,

52 2880 122 2921 ings
138 2881 169 2911 in
186 2881 274 2920 place
290 2880 324 2909 of
337 2884 344 2896 ⁴
358 2879 491 2910 tectim-J
868 2881 957 2911 there
975 2883 1001 2912 15
1022 2892 1062 2913 110
1079 2883 1178 2912 doubt
1201 2883 1299 2912 about
1322 2883 1377 2912 the
1396 2885 1586 2910 correctness
1607 2878 1643 2908 of

96 2925 130 2954 in
145 2925 303 2954 hominem
319 2946 326 2953 .
341 2945 370 2953 ..
385 2923 528 2962 caderet]
567 2923 625 2952 See
644 2922 696 2952 the
714 2923 824 2963 Index,
868 2924 922 2955 the
953 2935 1045 2955 name
1070 2925 1107 2955 in
1140 2927 1258 2961 Cicero,
1287 2925 1356 2954 who
1384 2934 1453 2953 uses
1485 2923 1506 2951 it
1539 2921 1638 2951 twice.
