1816 3211
715 190 849 232 GAP.
883 192 1006 232 6-8.
1572 195 1652 236 543

61 302 189 343 filium
225 304 449 359 compellat
483 303 634 353 edicto,
672 318 749 344 nec
781 303 912 344 sentit
944 318 1089 344 amens
1120 304 1526 345 commendationem
1562 320 1652 347 esso

60 368 420 423 compellationem
441 384 570 409 Suam.
633 368 741 420 Quid
765 368 875 409 onim
896 368 1085 409 accidere
1105 369 1202 410 huic
1232 370 1489 410 adolescenti
1512 370 1652 424 potuit

1 447 4 449 ’
59 433 246 487 optatius
269 449 393 489 quam
415 433 609 488 cognosci
639 434 692 473 ab
726 433 917 473 omnibus
949 432 1143 474 Caesaris
1173 434 1438 474 consiliorum
1467 449 1557 474 esse
1585 449 1651 475 so-

58 497 178 549 cium,
218 498 394 539 Antonii
430 498 581 539 furoris
616 497 859 538 inimicum?
919 498 983 539 At
1018 498 1144 538 etiam
1176 498 1387 553 gladiator
1420 513 1549 539 ausus
1584 504 1649 539 est

57 564 239 605 scribere
260 565 370 605 hunc
400 565 450 605 de
477 563 610 619 patris
632 570 674 604 et
707 563 845 618 patrui
880 563 1102 617 parricidio
1129 563 1349 618 cogitasse.
1413 564 1449 605 O
1471 564 1649 605 admira-

55 628 180 669 bilem
207 629 519 684 impudentiam,
541 627 774 675 audaciam,
798 627 1107 668 temeritatem!
1142 627 1184 667 in
1216 642 1310 668 eum
1339 628 1650 669 adolescentem

57 693 137 734 hoc
157 693 338 734 scribere
358 693 523 742 audere,
549 706 671 746 quem
701 706 778 746 ego
811 696 855 732 et
888 692 1019 733 frater
1040 706 1158 733 meus
1185 697 1358 747 propter
1380 693 1471 747 ejus
1492 693 1648 734 suavis—

56 758 184 799 simos
204 762 330 813 atque
352 757 532 812 optimos
552 770 690 797 mores
711 756 1200 812 praestantissimumque
1221 756 1432 812 ingenium
1454 758 1649 799 certatim

56 837 244 864 amamus
259 822 532 877 omnibusque
548 820 662 861 horis
679 820 819 871 oeulis,
839 821 1020 872 auribus,
1041 821 1260 876 complexu
1277 827 1468 862 tenemus
1484 824 1497 863 Ξ
1540 822 1649 863 Nam

55 902 123 929 me
143 888 274 929 isdem
295 888 444 929 edictis
464 885 600 927 nescit
629 885 769 927 laedat
789 899 843 925 an
870 886 1026 927 laudet.
1089 887 1226 939 Quum
1261 886 1371 926 idem
1402 886 1649 941 supplicium

54 952 239 995 minatur
268 951 438 1008 optimis
470 950 641 999 civibus,
673 950 785 1004 quod
818 964 898 1005 ego
926 951 977 991 de
1009 950 1343 992 sceleratissimis
1374 964 1424 991 ac
1457 951 1649 1005 pessimis

53 1018 311 1072 sumpserim,
334 1017 502 1058 laudare
523 1015 688 1057 videtur
721 1015 839 1069 quasi
871 1014 1026 1056 imitari
1047 1015 1178 1064 velit;
1213 1029 1340 1070 quum
1366 1020 1510 1056 autem
1536 1015 1649 1056 illam

52 1082 317 1137 pulcherrimi
347 1081 448 1123 facti
478 1080 722 1122 memoriam
752 1079 933 1131 refricat,
957 1085 1049 1121 tum
1076 1095 1101 1121 a
1131 1080 1194 1121 sui
1221 1079 1424 1121 similibus
1451 1079 1647 1121 invidiam

52 1147 233 1202 aliquam
253 1147 295 1188 in
314 1161 381 1188 me
403 1145 654 1187 commoveri
675 1149 813 1200 putat.

112 1211 248 1253 VIII.
282 1212 366 1252 Sed
382 1211 482 1266 quid
500 1210 601 1251 fecit
621 1209 709 1264 ipse
727 1211 739 1250 Ξ
798 1209 936 1262 Quum
956 1213 1023 1251 tot
1040 1209 1178 1251 edicta
1197 1209 1497 1264 proposuisset,
1516 1210 1649 1252 edixit

52 1282 102 1319 ut
122 1277 292 1318 adesset
312 1280 484 1317 senatus
503 1275 698 1329 frequens
714 1289 750 1315 a.
770 1274 810 1314 d.
829 1288 931 1315 vm.
952 1274 1168 1316 Kalendas
1189 1275 1446 1315 Decembres
1464 1292 1474 1323 ;
1510 1289 1558 1316 eo
1581 1275 1647 1316 die

53 1343 141 1397 ipse
162 1356 246 1382 non
266 1340 414 1381 adfuit.
476 1339 540 1380 At
561 1339 768 1393 quomodo
791 1338 950 1379 edixit?
1001 1339 1122 1379 Haec
1144 1343 1254 1387 sunt,
1273 1344 1322 1379 ut
1343 1339 1500 1393 opinor,
1520 1341 1647 1381 verba

52 1407 95 1447 in
115 1411 329 1447 extremo:
366 1404 410 1445 Si
437 1403 530 1459 quis
550 1418 633 1444 non
653 1403 844 1453 adfuerit,
869 1403 978 1443 hunc
1007 1417 1150 1443 omnes
1177 1403 1418 1444 existimare
1447 1408 1647 1458 poterunt

52 1476 96 1513 et
117 1470 313 1512 interitus
332 1468 413 1510 mei
443 1472 486 1509 et
515 1467 895 1523 perditissimorum
917 1467 1181 1508 consiliorum
1203 1473 1418 1508 auctorem
1449 1468 1647 1510 fuisse.—

55 1535 172 1587 Quae
192 1539 292 1575 sunt
321 1534 486 1589 perdita
514 1532 715 1574 consilia?>
776 1532 848 1572 An
878 1547 928 1573 ea
952 1547 1058 1587 quae
1085 1531 1299 1588 pertinent
1322 1533 1375 1573 ad
1407 1532 1647 1575 libertatem

51 1599 193 1655 populi
215 1598 391 1640 Romani
412 1597 768 1652 recuperandam?
799 1611 973 1652 quorum
990 1597 1256 1638 consiliorum
1274 1596 1444 1638 Caesari
1465 1613 1530 1639 me
1551 1613 1646 1640 auc-

51 1669 187 1707 torem
208 1668 251 1705 et
271 1664 533 1704 hortatorem
555 1666 598 1703 et
629 1675 721 1702 esse
753 1665 795 1702 et
820 1661 948 1702 fuisse
973 1661 1122 1702 fateor.
1183 1660 1446 1716 Quamquam
1467 1662 1533 1703 ille
1563 1678 1647 1704 non

53 1729 170 1785 eguit
191 1728 363 1770 consilio
384 1727 641 1782 cujusquam,
664 1726 738 1766 sed
766 1730 907 1767 tamen
930 1730 1182 1775 currentem,
1204 1730 1253 1767 ut
1275 1726 1438 1776 dicitur,
1462 1727 1645 1769 incitavi.

54 1793 165 1836 Nam
185 1793 381 1835 interitus
401 1791 568 1848 quidem
590 1791 653 1832 tui
675 1790 767 1846 quis
790 1791 925 1831 bonus
955 1805 1039 1831 non
1060 1796 1173 1832 esset
1204 1795 1364 1840 auctor,
1388 1805 1515 1845 quum
1536 1792 1577 1831 in
1598 1807 1646 1833 co

53 1859 167 1900 salus
197 1863 240 1900 et
260 1858 348 1900 vita
375 1856 523 1912 optimi
553 1856 768 1911 cujusque,
791 1855 966 1896 libertas
998 1855 1140 1910 populi
1174 1855 1353 1896 Romani
1381 1855 1646 1912 dignitasque

53 1923 333 1964 consisteret?
393 1922 476 1963 Sed
504 1936 633 1976 quum
666 1925 755 1962 tam
786 1920 923 1962 atroci
959 1920 1100 1962 edicto
1134 1934 1212 1961 nos
1244 1920 1551 1970 concitavisset,
1575 1936 1648 1962 cur

53 1987 144 2042 ipse
165 2001 248 2027 non
278 1985 442 2027 adfuit?
502 1985 614 2026 Num
643 1985 806 2040 putatis
840 1985 980 2040 aliqua
1011 1999 1056 2026 re
1079 1984 1194 2026 tristi
1221 1999 1270 2025 ac
1298 1986 1473 2026 severa?
1534 1985 1647 2027 Vino

54 2057 181 2107 atque
217 2049 349 2105 epulis
389 2054 579 2091 retentus
616 2049 740 2104 [est]‚
772 2049 807 2090 si
839 2049 932 2090 illae
960 2049 1107 2104 epulae
1139 2049 1280 2104 potius
1312 2064 1436 2103 quam
1470 2050 1646 2104 popinae

53 2115 330 2157 nominandae
351 2118 462 2155 sunt.
524 2113 648 2153 Diem
668 2113 794 2154 edicti
822 2113 937 2154 obire
968 2113 1178 2166 neglexit:
1213 2113 1254 2152 in
1275 2119 1374 2153 ante
1396 2113 1504 2153 diem
1526 2128 1645 2168 quar-

52 2185 143 2222 tum
165 2179 380 2221 Kalendas
402 2178 658 2219 Decembres
679 2176 856 2217 distulit.
908 2177 1073 2217 Adesse
1094 2176 1135 2216 in
1151 2176 1356 2232 Capitolio
1373 2176 1514 2230 jussit,
1533 2179 1646 2231 quod

53 2244 97 2285 in
116 2243 320 2300 templum
339 2243 428 2299 ipse
444 2241 586 2283 nescio
603 2255 685 2296 qua
705 2255 778 2295 per
796 2241 1010 2281 Gallorum
1027 2241 1262 2282 cuniculum
1282 2241 1486 2282 ascendit.
1538 2241 1644 2283 Gon-

99 2398 223 2439 laedat]
272 2398 416 2429 ‘blame.'
464 2402 471 2414 ⁴
486 2395 641 2427 Laedere'
671 2396 698 2425 is
724 2405 826 2425 some-
871 2395 1023 2434 pression,
1047 2405 1080 2425 as
1106 2398 1161 2424 ‘ut
1187 2395 1319 2424 dicitur'
1341 2395 1553 2425 shows—‘in
1571 2399 1646 2425 unte

54 2442 148 2472 times
174 2441 314 2481 opposed
343 2444 377 2471 to
408 2438 632 2470 ‘laudare.’—‘
645 2438 827 2468 memoriam
871 2438 954 2468 diem
970 2437 989 2466 :'
1013 2437 1067 2467 the
1091 2437 1142 2467 old
1169 2437 1298 2475 reading
1322 2438 1348 2467 is
1374 2441 1424 2468 ‘et
1439 2442 1514 2468 anto
1538 2437 1643 2467 diem!

54 2485 181 2514 refricat
193 2484 212 2514 ι’
236 2483 291 2514 the
306 2483 394 2513 affair
414 2482 450 2512 of
467 2480 629 2513 Catilina's
650 2481 826 2510 associatos.
873 2480 912 2510 V.
929 2480 984 2510 has
1007 2484 1013 2496 ¹
1028 2480 1091 2516 in;'
1115 2480 1177 2510 aud
1194 2480 1247 2509 V².
1264 2480 1304 2510 D.
1321 2480 1400 2510 have
1417 2483 1425 2497 ⁴
1436 2480 1490 2510 et.’
1538 2480 1645 2510 Ferra-

57 2527 116 2557 See
143 2527 203 2556 Pro
228 2526 325 2562 Sulla,
343 2536 369 2556 c.
387 2527 417 2561 6,
434 2525 505 2554 Vol.
523 2524 578 2560 iii„
601 2523 661 2553 und
679 2523 734 2553 tho
754 2526 828 2552 note
871 2523 936 2553 rius
967 2532 1078 2562 proves
1108 2522 1149 2562 by
1177 2532 1270 2561 many
1300 2523 1460 2562 examples
1490 2523 1560 2553 that
1591 2523 1645 2552 'in

56 2578 96 2599 on
114 2568 299 2598 ‘refricare'
871 2566 966 2595 nnte’
989 2566 1015 2595 is
1042 2565 1096 2595 the
1121 2570 1190 2595 true
1215 2566 1397 2604 expression
1425 2566 1498 2595 here
1524 2566 1643 2605 (comp.

100 2613 130 2641 8.
149 2608 386 2650 proposuisset]
435 2609 504 2639 The
516 2608 607 2638 usual
617 2607 712 2642 word,
726 2607 786 2636 and
804 2607 829 2637 it
875 2608 913 2638 In
930 2608 999 2638 Cat.
1016 2608 1036 2637 i.
1053 2618 1079 2638 e.
1096 2608 1143 2648 3),
1154 2607 1227 2644 and,
1238 2618 1271 2638 as
1282 2608 1321 2638 he
1337 2617 1416 2647 says,
1433 2608 1487 2638 the
1505 2608 1644 2638 Romans

57 2654 83 2684 is
98 2654 130 2683 in
147 2654 202 2683 the
218 2653 362 2683 editions.
393 2651 488 2681 Halm
500 2660 569 2690 says
582 2649 714 2680 thathis
731 2649 826 2679 MSS.
872 2651 937 2681 also
964 2655 1060 2680 wrote
1087 2653 1094 2667 ¹
1108 2660 1146 2681 ex
1169 2655 1244 2681 ante
1266 2650 1371 2680 diem)
1420 2651 1470 2680 He
1493 2655 1603 2690 quotes
1627 2660 1644 2679 n

55 2697 136 2726 have
149 2693 394 2736 ‘posuisset.'——‘
406 2704 425 2724 a
441 2694 498 2723 d.:'
515 2691 583 2723 ‘ad'
596 2693 633 2722 V.
647 2692 699 2726 D..
712 2693 828 2722 ausunl
872 2703 945 2733 very
967 2693 1019 2723 old
1045 2694 1230 2732 inscription
1247 2693 1347 2723 which
1374 2694 1517 2724 contains
1543 2698 1599 2722 ‘vx
1616 2703 1643 2722 a.

57 2749 162 2769 error:
192 2742 239 2768 ‘a-
257 2738 299 2767 d.'
327 2737 353 2767 is
378 2739 470 2766 ‘ante
493 2735 599 2771 diem‚’
625 2735 726 2764 which
752 2735 824 2765 here
868 2735 899 2766 d.
916 2746 934 2765 v
950 2736 991 2766 K.
1012 2736 1088 2766 Dec.
1102 2736 1141 2765 ad
1158 2746 1204 2775 pr.
1225 2736 1264 2765 K.
1283 2735 1363 2766 lan)
1408 2736 1555 2766 Muretus
1571 2745 1643 2773 pro-

57 2791 166 2812 means
183 2784 190 2798 ‘
201 2784 275 2811 ante
301 2780 384 2809 diem
408 2778 576 2814 octavum,’
591 2787 631 2807 on
648 2777 702 2807 tho
717 2777 824 2817 eighth
868 2788 959 2818 poses
977 2782 984 2795 ⁴
995 2783 1027 2809 et
1042 2779 1074 2808 in
1090 2782 1163 2809 ante
1179 2777 1285 2808 diem!

56 2825 117 2864 day
143 2823 261 2854 before.
307 2823 366 2852 See
393 2821 431 2851 In
459 2821 528 2851 Cat.
554 2821 574 2850 i.
598 2830 625 2850 c..
642 2822 672 2855 3,
689 2820 750 2850 and
774 2820 828 2851 the
919 2821 1085 2851 Gallorum
1097 2821 1297 2860 cuniculum]
1340 2820 1398 2858 Sec
1419 2821 1481 2851 I‘ro
1499 2819 1641 2853 Caecina,

57 2869 197 2897 note—⁴
211 2865 370 2905 pertinent
383 2863 403 2893 ι’
429 2867 436 2880 ⁴
449 2863 648 2903 pertineant,'
668 2862 774 2893 Halm.
872 2873 898 2894 c.
915 2865 967 2899 30,
984 2864 1056 2894 Vol.
1073 2864 1104 2894 ii.

101 2911 292 2944 currentem,
308 2910 344 2938 ut
360 2906 497 2946 dicitur]
545 2906 572 2936 A
583 2904 758 2945 proverbial
773 2915 826 2935 ex-
