1816 3211
138 183 220 224 568
301 180 480 223 ORAT.
513 179 1027 222 PHILIPPICARUM
1063 178 1251 219 LIBER
1283 178 1602 231 QUINTUS..

136 300 185 337 ut
206 296 284 337 hos
300 295 464 351 judices
485 296 623 351 legere
640 295 814 335 auderet
834 298 841 335 !
868 308 1040 349 quorum
1057 292 1237 334 lectione
1255 291 1407 346 duplex
1428 292 1735 347 imprimeretur

135 363 194 403 rei
216 362 406 417 publicae
429 363 609 402 dedecus
628 376 636 400 ε
670 375 808 407 unum,
834 360 945 414 quod
968 365 1054 400 tam
1079 366 1224 412 turpes
1240 356 1404 411 judices
1426 364 1594 405 essent:
1630 359 1733 399 alte-

134 443 238 479 rum,
264 429 373 482 quod
402 427 661 481 patefactum
682 430 793 465 esset
822 440 945 479 quam
977 424 1133 464 multos
1166 424 1207 463 in
1238 423 1409 464 civitate
1434 428 1580 478 turpes
1609 425 1734 465 habc-

135 507 286 534 remus.
350 493 475 532 Hanc
497 505 596 544 ergo
617 495 661 530 et
682 490 861 544 reliquas
883 489 1087 544 ejusmodi
1110 489 1235 543 leges,
1256 488 1418 528 etiamsi
1441 488 1530 529 sine
1552 489 1590 529 vi
1612 489 1735 530 salvis

135 557 333 612 auspiciis
355 561 497 597 essent
528 560 714 609 rogatae,
739 569 952 595 censerem
978 559 1120 595 tamen
1151 553 1432 607 abrogandas.
1494 553 1616 594 Nunc
1637 569 1734 595 vcro

136 637 210 663 cur
230 622 496 676 abrogandas
518 635 724 669 censeam,
749 635 851 675 quas
869 620 1013 674 judico
1034 634 1116 659 non
1139 619 1336 674 rogatas?

195 686 265 726 An
287 686 356 726 illa
376 701 459 727 non
480 685 737 741 gravissimis
768 685 1006 740 ignominiis
1033 684 1396 738 monumentisque
1427 684 1554 739 hujus
1580 684 1736 725 ordinis

134 752 187 793 ad
207 751 473 807 posteritatis
494 750 737 791 memoriam
759 755 858 791 sunt
879 751 1076 799 notanda,
1101 750 1212 805 quod
1234 764 1341 790 unus
1373 749 1435 789 M.
1460 749 1673 791 Antonius
1694 750 1735 790 in

135 818 213 858 hac
230 818 330 858 urbe
348 821 446 872 post
463 816 676 858 conditam
697 817 843 857 urbem
860 817 998 871 palam
1015 830 1156 856 secum
1173 815 1364 856 habuerit
1385 819 1571 856 armatos
1588 833 1598 863 ς
1625 815 1736 870 quod

135 897 270 938 neque
302 897 423 938 reges
451 882 584 923 nostri
615 882 817 931 fecerunt,
850 896 984 936 neque
1016 881 1043 921 ii
1075 880 1144 935 qui
1173 880 1342 935 regibus
1373 880 1534 922 exactis
1562 895 1736 934 regnum

135 962 340 1002 occupare
363 947 594 988 voluerunt.
658 947 831 988 Cinnam
848 946 1026 996 memini,
1046 946 1127 986 vidi
1152 945 1321 996 Sullam,
1341 946 1464 986 modo
1483 945 1733 993 Caesarem;

134 1013 177 1053 hi
200 1013 309 1054 enim
340 1017 427 1053 tres
456 1016 554 1067 post
583 1012 799 1053 civitatem
834 1027 859 1052 a
893 1011 941 1051 L.
965 1011 1098 1052 Bruto
1129 1011 1347 1052 liberatam
1383 1011 1476 1066 plus
1508 1015 1738 1066 potuerunt

136 1093 261 1134 quam
282 1078 474 1118 universa
494 1092 562 1118 res
593 1077 767 1132 publica.
832 1077 927 1118 Non
956 1091 1125 1131 possum
1153 1076 1359 1116 affirmare
1390 1076 1512 1116 nullis
1541 1076 1636 1116 telis
1665 1090 1737 1116 eos

136 1144 319 1198 stipatos
355 1142 511 1182 fuisse:
545 1143 623 1183 hoc
646 1143 739 1182 dico
762 1156 838 1182 nec
860 1142 1002 1182 multis
1023 1146 1066 1182 et
1094 1141 1280 1182 occultis,
1343 1141 1406 1181 At
1436 1142 1542 1181 hanc
1574 1146 1737 1196 pestem

135 1223 285 1263 agmen
326 1213 583 1248 armatorum
631 1208 912 1261 sequebatur:
963 1206 1145 1255 CassiuS,
1183 1206 1381 1255 Mustela,
1430 1206 1541 1256 Tiro,
1576 1206 1738 1261 gladios

136 1278 416 1322 ostentantes,
441 1273 503 1313 sui
521 1272 675 1313 similes
696 1287 848 1328 greges
871 1272 1082 1312 ducebant
1103 1286 1176 1326 per
1196 1271 1357 1312 forum:
1383 1277 1543 1313 certum
1559 1271 1738 1327 agminis

135 1340 273 1380 locum
305 1339 509 1379 tenebant
541 1337 707 1378 barbari
741 1337 965 1392 sagittarii.
1028 1337 1166 1389 Quum
1199 1342 1342 1378 autem
1370 1341 1462 1377 erat
1484 1343 1654 1378 ventum
1685 1337 1739 1377 ad

135 1404 281 1445 aedem
306 1402 578 1453 Concordiae,
603 1403 760 1457 gradus
774 1403 1102 1458 complebantur,
1118 1401 1293 1443 lecticae
1313 1402 1635 1452 collocabantur,
1655 1417 1739 1444 non

138 1484 220 1525 quo
250 1469 317 1510 ille
339 1473 462 1509 scuta
483 1469 650 1509 occulta
671 1483 762 1509 esse
783 1468 921 1516 vellet,
946 1469 1018 1508 sed
1042 1483 1092 1508 ne
1113 1468 1338 1508 familiares
1360 1467 1393 1508 si
1416 1473 1538 1509 scuta
1559 1467 1637 1522 ipsi
1657 1468 1738 1508 fer-

137 1540 232 1576 rent
267 1535 521 1575 laborarent.
585 1533 694 1575 VII.
730 1533 838 1573 Illud
866 1548 962 1573 vero
994 1533 1285 1574 taeterrimum
1316 1533 1478 1582 auditu,
1503 1548 1585 1574 non
1616 1533 1738 1573 modo

137 1604 325 1655 aspectu,
350 1599 392 1639 in
427 1599 531 1640 cella
566 1598 825 1640 Concordiae
859 1598 1053 1639 collocari
1086 1605 1284 1648 armatos,
1317 1598 1513 1648 latrones,
1538 1598 1734 1644 sicarios:

139 1666 190 1706 de
224 1665 381 1719 templo
416 1679 629 1705 carcerem
661 1664 780 1714 fieri3
817 1664 976 1719 opertis
1013 1664 1140 1704 valvis
1175 1662 1445 1713 Concordiae,
1474 1678 1601 1718 quum
1629 1663 1740 1705 inter

138 1729 333 1770 subsellia
353 1737 527 1770 senatus
548 1734 814 1770 versarentur
834 1729 1033 1776 latrones,
1062 1734 1204 1783 patres
1226 1728 1487 1782 conscriptos
1507 1729 1740 1770 sententias

139 1795 289 1835 dicere.
353 1793 452 1834 Huc
489 1794 617 1835 etiam
645 1794 724 1834 nisi
746 1793 928 1834 venirem
959 1793 1137 1834 Kalend.
1164 1793 1376 1848 Septemb.
1399 1794 1539 1834 fabros
1570 1809 1615 1834 se
1643 1794 1738 1835 mis-

139 1873 283 1899 surum
322 1862 364 1898 et
404 1859 574 1898 domum
615 1873 751 1898 meam
785 1858 1117 1899 disturbaturum
1150 1873 1241 1899 esse
1278 1858 1398 1898 dixit.
1462 1858 1623 1913 Magna
1658 1874 1736 1909 reS,

141 1924 279 1974 credo,
322 1924 557 1978 agebatur:
589 1923 640 1963 de
681 1923 985 1978 supplicatione
1026 1924 1298 1964 referebatur.
1366 1923 1472 1963 Veni
1509 1924 1736 1978 postridie:

141 1990 229 2045 ipse
251 2004 333 2029 non
356 1988 482 2029 venit.
545 1988 733 2028 Locutus
764 2003 855 2028 sum
888 1989 938 2028 de
971 1989 1196 2043 republica,
1220 1989 1357 2029 minus
1390 1989 1581 2044 equidem
1614 1990 1740 2031 libere

142 2069 266 2109 quam
303 2068 395 2094 mea
435 2053 724 2100 consuetud03
771 2053 941 2094 liberius
973 2058 1115 2094 tamen
1149 2068 1274 2108 quam
1309 2054 1489 2109 pericula
1521 2056 1740 2110 minaeque

140 2120 422 2176 postulabant.
486 2119 549 2159 At
570 2119 636 2159 ille
658 2119 783 2159 homo
805 2119 1027 2160 vehemens
1053 2124 1095 2160 et
1117 2119 1322 2161 violentus
1343 2120 1412 2175 qui
1441 2121 1546 2162 hanc
1569 2137 1739 2163 consue-

140 2185 329 2228 tudinem
350 2184 478 2224 libere
501 2183 663 2224 (licendi
686 2184 1159 2233 excluderet‚—fecerat
1185 2185 1293 2225 enim
1322 2185 1399 2226 hoc
1430 2186 1539 2227 idem
1561 2187 1741 2227 maxima

144 2266 238 2293 cum
259 2250 380 2290 laude
406 2248 453 2290 L.
479 2248 580 2289 Piso
603 2264 692 2289 xxx
715 2249 862 2290 diebus
883 2249 1297 2299 ante,—ini1nicitias
1318 2250 1417 2291 mihi
1446 2252 1736 2301 denuntiavit:

186 2368 322 2397 quorum
339 2359 473 2389 lectione
491 2381 497 2389 .
515 2380 522 2387 .
541 2380 549 2388 .
566 2359 824 2398 imprimeretur]
851 2359 919 2389 The

144 2400 243 2431 forms
259 2401 294 2431 of
311 2402 365 2431 the
381 2401 578 2440 subjunctive
594 2411 720 2441 express
735 2412 754 2431 a
771 2403 919 2441 meaning

963 2403 1019 2432 the
1033 2403 1164 2442 reading
1179 2403 1213 2432 of
1227 2403 1280 2438 D..
1297 2403 1359 2432 and
1375 2403 1400 2432 it
1416 2414 1488 2442 may
1504 2404 1543 2433 be
1558 2360 1742 2442 righ'ss'hssxlrs

964 2358 989 2389 it
1005 2359 1081 2396 said,
1103 2362 1160 2389 not
1184 2363 1216 2389 to
1232 2359 1329 2398 spcak
1345 2360 1381 2389 of
1400 2360 1508 2399 seeing
1527 2360 1576 2390 it!

144 2443 220 2473 with
244 2445 410 2483 precision.
456 2445 525 2474 The
547 2444 618 2473 best
641 2455 708 2484 way
735 2445 771 2474 of
791 2446 915 2475 render-

144 2486 199 2525 ing
222 2488 276 2517 the
297 2488 446 2526 meaning
468 2488 494 2517 is
517 2490 574 2516 not
595 2487 690 2527 easily
714 2488 921 2518 determined.

145 2529 255 2560 Cicero
285 2541 394 2560 means
426 2531 517 2560 ‘that
548 2530 602 2559 the
635 2540 852 2570 consequence
890 2532 926 2561 of

146 2572 222 2601 such
249 2583 267 2602 a
290 2574 398 2603 choice
419 2573 454 2603 of
476 2573 606 2604 Judices
627 2583 689 2603 was
715 2578 747 2604 to
772 2577 876 2613 stamp
904 2585 922 2604 a

145 2614 261 2645 double
277 2616 415 2655 disgrace
430 2626 471 2646 on
488 2616 542 2645 the
558 2615 662 2645 state.’

189 2658 319 2688 barbari
334 2659 514 2698 sayillariz']
551 2659 679 2688 Ituraei.
701 2659 780 2688 Phil.
798 2660 833 2689 ii.
847 2670 873 2689 c.
888 2661 918 2690 8.

189 2702 295 2740 scula]
343 2702 412 2731 The
434 2706 440 2718 ⁴
454 2701 557 2732 scuta’
575 2711 654 2731 were
678 2702 711 2730 in
738 2702 793 2731 the
810 2703 919 2732 ‘lecti-

145 2742 222 2779 cae,'
254 2747 310 2773 not
341 2745 388 2775 for
417 2745 472 2774 the
497 2754 635 2784 purpose
666 2745 702 2773 of
724 2744 818 2783 being
844 2756 919 2775 con-

146 2786 262 2823 cealed,
283 2786 339 2816 but
365 2788 434 2816 that
455 2788 503 2817 his
528 2787 645 2816 friends
670 2787 771 2825 might
797 2792 854 2817 not
882 2788 921 2818 be

144 2829 226 2859 tired
253 2829 328 2859 with
358 2831 501 2870 carrying
531 2830 618 2860 them
652 2828 714 2870 (‘si
742 2834 830 2860 scuta
860 2831 920 2870 ipsi

142 2871 307 2912 ferrent’).

189 2916 219 2950 7.
245 2915 368 2951 auditu,
392 2925 454 2946 non
477 2916 568 2946 modo
593 2915 737 2955 aspectu]
766 2917 818 2945 ‘to
844 2916 920 2946 hear

962 2445 1020 2474 has
1044 2449 1051 2462 ‘
1064 2456 1127 2475 non
1147 2446 1240 2476 modo
1261 2446 1387 2476 auditus
1404 2446 1457 2476 sed
1471 2447 1564 2476 etiam
1587 2445 1740 2486 aspectu.'

969 2488 1002 2518 P.
1028 2489 1111 2518 Ricc
1128 2489 1314 2524 Muellerus,
1341 2489 1459 2529 quoted
1483 2489 1525 2529 by
1554 2490 1662 2525 Halm,
1685 2489 1741 2519 has

966 2532 1058 2561 made
1097 2534 1104 2548 ¹
1117 2541 1180 2561 non
1220 2532 1313 2561 modo
1350 2532 1512 2572 adspectu,
1553 2533 1608 2562 sed
1645 2533 1739 2562 etiam

965 2574 1097 2609 auditu‚’
1111 2575 1212 2604 which
1233 2575 1329 2604 Halm
1346 2575 1467 2605 has.—‘
1482 2576 1598 2614 opertis
1610 2575 1707 2605 valvis
1721 2574 1741 2604 :'

966 2617 1046 2647 Phil.
1064 2617 1095 2647 ii.
1113 2628 1140 2647 c.
1159 2620 1199 2648 44
1214 2630 1220 2647 :
1240 2621 1258 2634 “
1273 2628 1329 2648 eur
1344 2618 1451 2648 valvae
1467 2618 1662 2649 Concordiae
1676 2627 1741 2647 non

964 2663 1075 2699 patent
1086 2660 1124 2690 ?'’

997 2703 1117 2741 fabros
1132 2713 1164 2733 se
1179 2704 1368 2743 missurum]
1418 2704 1476 2733 See
1492 2704 1573 2734 Phil.
1586 2703 1606 2733 i.
1623 2713 1649 2733 c.
1667 2704 1742 2732 5.—

966 2749 973 2762 ‘
987 2746 1061 2775 Huc
1083 2746 1176 2776 etiam
1192 2746 1211 2776 :'
1238 2746 1334 2776 Halm
1360 2747 1463 2786 places
1483 2749 1490 2763 ⁴
1503 2746 1611 2776 etiam'
1632 2745 1742 2775 before

967 2789 1168 2818 ‘fabros.'·—‘
1183 2789 1222 2819 de
1249 2789 1512 2829 supplicatione?
1537 2799 1588 2818 see
1614 2789 1694 2818 Phil.
1719 2789 1740 2818 i.

964 2842 990 2861 c.
1008 2833 1042 2861 4:
1062 2835 1079 2848 ‘⁶
1096 2832 1144 2861 De
1157 2832 1440 2871 supplicationibus
1459 2831 1688 2861 referebatur.”
1699 2849 1742 2853 —-

966 2879 973 2891 ⁴
984 2874 1113 2914 periculi
1130 2875 1232 2904 minae
1248 2875 1341 2914 post.'
1376 2875 1482 2905 Halm.

1007 2918 1049 2947 L.
1065 2917 1159 2957 Piso]
1209 2917 1268 2948 See
1284 2918 1338 2948 the
1355 2917 1479 2948 Introd.
1499 2927 1530 2956 p.
1547 2918 1622 2953 457.
1669 2917 1742 2948 Piso
