1816 3211
606 746 668 788 M.
703 745 918 787 TULLII
952 746 1281 788 CICERONIS

298 888 623 964 ORATIO
696 890 866 966 PRO
937 891 1028 966 M.
1104 889 1578 966 MARCELLO

470 1065 536 1106 IN
569 1065 820 1107 SENATU
853 1067 940 1108 AD
974 1067 1020 1109 G.
1054 1066 1412 1108 CAESAREM.

146 1380 179 1421 I.
214 1379 450 1421 Dmemnm
482 1378 648 1427 silentii,
681 1382 823 1433 patres
854 1375 1090 1431 conscripti,
1125 1389 1206 1430 quo
1238 1389 1353 1416 eram
1383 1373 1449 1414 his
1480 1373 1740 1429 temporibus

142 1461 255 1497 usus,
291 1460 373 1486 non
406 1445 557 1486 timore
589 1444 742 1499 aliquo,
778 1443 852 1484 sed
892 1441 1045 1497 partim
1086 1441 1240 1490 dolore,
1282 1439 1438 1495 partim
1477 1438 1738 1488 verecundia,

141 1512 265 1552 finem
287 1510 513 1551 hodiernus
535 1509 623 1550 dies
644 1508 803 1558 attulit,
827 1507 1019 1562 idemque
1050 1505 1216 1547 initium
1247 1520 1352 1561 quae
1375 1505 1519 1546 vellem
1550 1518 1741 1560 quaeque

141 1576 342 1617 sentirem
363 1589 456 1616 meo
477 1574 656 1630 pristino
677 1587 792 1614 more
814 1572 993 1613 dicendi.
1040 1571 1220 1612 Tantam
1237 1570 1347 1611 enim
1364 1569 1738 1617 mansuetudinem,

140 1646 229 1682 tam
260 1639 507 1680 inusitatam
542 1638 859 1692 inauditamque
889 1635 1166 1683 clementiam,
1200 1640 1366 1676 tantum
1399 1636 1438 1675 in
1470 1649 1632 1675 summa
1669 1648 1740 1689 po·

140 1711 300 1748 testate
329 1719 470 1746 rerum
501 1703 685 1745 omnium
716 1703 898 1751 modum,
932 1705 1020 1742 tam
1052 1700 1230 1755 denique
1262 1700 1547 1741 incredibilem
1578 1700 1741 1755 sapien-

141 1771 245 1814 tiam
284 1786 334 1812 ac
375 1785 507 1826 paene
549 1769 730 1810 divinam
770 1767 928 1809 tacitus
968 1766 1198 1822 praeterire
1238 1765 1350 1806 nullo
1392 1765 1515 1806 modo
1555 1780 1738 1820 possum.

144 1836 206 1878 Μ.
231 1836 340 1877 enim
364 1834 571 1877 Marcello
592 1834 721 1885 vobis,
745 1838 889 1889 patres
910 1831 1149 1887 conscripti,
1172 1831 1316 1886 reique
1347 1831 1538 1885 publicae
1559 1830 1737 1879 reddito,

140 1917 225 1944 non
255 1902 364 1943 illius
394 1901 540 1951 solum,
565 1900 638 1941 sed
669 1899 797 1941 etiam
827 1912 964 1939 meam
989 1902 1134 1938 vocem
1164 1902 1209 1938 et
1229 1895 1528 1938 auctoritatem
1560 1901 1603 1936 et
1624 1894 1742 1936 vobis

141 1971 186 2008 et
215 1967 276 2008 rei
305 1966 495 2021 publicae
526 1969 818 2006 conservatam
849 1978 897 2004 ac
929 1962 1171 2004 restitutam
1203 1966 1319 2017 puto.
1383 1961 1590 2001 Dolebam
1616 1960 1737 2010 enim,

142 2035 284 2086 patres
316 2030 554 2085 conscripti,
589 2035 633 2071 et
664 2030 933 2071 vehementer
964 2029 1151 2083 angebar
1184 2029 1316 2068 viram
1351 2027 1492 2076 talem,
1530 2041 1658 2082 quum
1699 2026 1740 2067 in

143 2095 288 2137 eadem
320 2108 468 2135 caussa
498 2094 540 2135 in
561 2109 644 2150 qua
674 2096 762 2150 ego
780 2095 943 2143 fuisset,
963 2108 1046 2134 non
1078 2093 1118 2133 in
1141 2093 1289 2134 eadem
1311 2106 1403 2133 esse
1433 2092 1625 2140 fortuna;
1662 2106 1739 2133 nec

142 2160 242 2201 mihi
283 2160 534 2216 persuadere
583 2163 776 2214 poteram
815 2174 891 2200 nec
931 2159 995 2199 fas
1035 2172 1126 2199 esse
1162 2158 1365 2198 ducebam
1396 2156 1550 2197 versari
1591 2171 1657 2196 me
1697 2156 1738 2197 in

143 2230 288 2266 nostro
309 2230 450 2281 vetere
481 2224 698 2273 curriculo,
721 2224 790 2267 illo
821 2224 986 2267 aemulo
1017 2228 1147 2278 atque
1178 2223 1392 2264 imitatore
1423 2222 1658 2263 studiorum
1687 2236 1738 2263 ac

143 2290 331 2331 laborum
366 2304 553 2330 meorum
588 2290 705 2345 quasi
739 2283 925 2344 quodam
956 2288 1069 2330 socio
1102 2303 1127 2329 a
1158 2303 1224 2329 me
1260 2293 1304 2330 et
1332 2287 1485 2329 comite
1519 2287 1736 2328 distracto.

146 2355 262 2410 Ergo
283 2358 326 2396 et
347 2354 447 2395 mihi
467 2368 584 2395 meae
605 2354 806 2410 pristinae
827 2354 938 2395 vitae
961 2354 1320 2402 consuetudinem,
1344 2353 1390 2395 G.
1416 2352 1584 2402 Caesar,
1609 2352 1736 2394 inter-

143 2421 299 2462 clusam
330 2419 541 2475 aperuisti,
564 2425 609 2461 et
638 2419 703 2461 his
734 2419 926 2461 omnibus
952 2419 1005 2459 ad
1036 2419 1142 2460 bene
1173 2419 1225 2460 de
1246 2418 1358 2460 omni
1385 2433 1430 2459 re
1458 2417 1624 2473 publica
1644 2431 1736 2473 spe-

188 2566 216 2595 l.
241 2565 291 2594 lais
314 2563 522 2604 temporibus]
571 2567 578 2581 ⁸
593 2566 649 2594 not
673 2567 705 2595 at
727 2564 791 2594 this
812 2562 911 2599 time!
957 2564 1074 2594 Baiter.
1119 2563 1223 2594 There
1243 2572 1295 2593 are
1310 2562 1434 2593 various
1457 2562 1611 2601 readings.
1628 2570 1662 2591 as
1677 2569 1737 2590 one

141 2606 199 2638 but
221 2607 342 2637 ‘under
355 2610 462 2637 recent
477 2607 740 2643 circumstances,'
757 2607 842 2638 since
857 2607 912 2637 the
956 2607 1058 2646 might
1089 2610 1201 2646 expect
1230 2607 1263 2636 in
1293 2616 1312 2635 a
1342 2610 1488 2636 sentence
1514 2605 1569 2636 the
1599 2605 1678 2635 form
1705 2602 1741 2633 of

141 2650 241 2680 battle
267 2650 303 2680 of
325 2650 556 2680 Pharsalum-⁶
570 2650 783 2680 verecundia!
817 2651 916 2680 ‘from
961 2650 1062 2680 which
1080 2650 1181 2688 might
1197 2649 1291 2689 easily
1310 2649 1348 2679 be
1364 2649 1476 2679 varied.

141 2693 272 2724 sbame.'
319 2693 470 2723 Patricius
504 2702 583 2732 says,
627 2695 646 2710 “
660 2693 714 2733 qui
751 2694 915 2724 consilium
1005 2692 1185 2732 curriculo]
1214 2693 1242 2723 A
1258 2702 1404 2722 common
1422 2691 1596 2731 metaplior.
1634 2689 1736 2719 'rhon-

141 2747 246 2767 meum
261 2736 403 2766 videbam
417 2745 484 2765 csse
497 2739 611 2765 eventu
626 2735 694 2775 ipso
709 2735 914 2766 refutatum.''
960 2737 986 2766 is
1009 2746 1049 2766 an
1074 2735 1219 2775 example
1244 2736 1276 2765 in
1303 2736 1358 2765 the
1386 2735 1513 2769 Brutus,
1539 2744 1564 2763 c.
1587 2735 1627 2761 δι
1653 2736 1734 2760 “oc-

140 2780 210 2810 The
235 2780 389 2809 Sclioliast
413 2788 502 2818 says:
537 2781 556 2794 ‘¹
569 2778 651 2811 Quia
676 2788 739 2808 non
763 2779 917 2810 audebam
961 2779 1046 2819 quod
1062 2789 1134 2809 nam
1146 2779 1335 2809 curriculum
1348 2777 1517 2818 aliquando
1533 2777 1574 2806 sit
1590 2774 1733 2804 habiturn

141 2823 224 2863 apud
241 2826 273 2853 te
290 2822 385 2862 loqui,
414 2826 523 2851 contra
549 2831 642 2861 quem
667 2831 753 2851 arma
775 2832 917 2861 sumpse·
962 2826 1016 2852 tua
1033 2826 1065 2852 et
1081 2825 1194 2852 natura
1219 2821 1412 2851 admirabilis
1433 2824 1465 2850 et
1485 2818 1639 2858 exquisita
1661 2816 1733 2844 doc-

142 2865 254 2903 ram;”
278 2865 380 2895 which
393 2865 418 2895 is
430 2865 496 2895 also
514 2863 689 2895 Manutius'
705 2865 916 2905 explanation,
962 2865 1045 2895 trina
1074 2868 1106 2895 et
1135 2865 1300 2903 singularis
1338 2861 1526 2894 industria.''
1576 2860 1624 2888 uc
1660 2857 1735 2886 calls

140 2909 202 2939 and
219 2909 273 2939 the
289 2908 392 2939 better
407 2907 618 2948 explanation.
961 2908 1134 2938 Marcellus
1150 2908 1198 2937 liis
1214 2908 1290 2938 rival
1313 2907 1375 2938 and
1391 2907 1528 2936 imitator
1546 2903 1577 2932 iu
1594 2903 1732 2939 oraton-y.

183 2952 325 2992 anqebar
356 2974 363 2981 .
382 2974 389 2982 .
408 2974 414 2982 .
436 2950 574 2990 fuisset]
623 2950 639 2980 1
669 2950 748 2981 have
774 2949 917 2981 followed
963 2951 1038 2991 (See
1052 2951 1108 2981 the
1125 2950 1262 2989 Introd.)
