1816 3211
85 174 166 215 686
303 172 481 215 ORAT.
514 172 1030 215 PHILIPPICARUM
1067 173 1252 214 LIBER
1284 174 1423 216 XIII.

78 286 372 341 perhorrescit,
396 301 477 342 quo
499 301 626 328 ausus
651 290 718 327 est
748 288 924 328 obrutus
945 286 1052 336 vino,
1076 285 1301 341 unguentis
1331 286 1496 338 oblitus,
1520 287 1668 337 nudus,

77 358 316 408 gementem
341 353 538 408 populum
561 353 796 393 Romanum
823 352 877 392 ad
898 351 1145 392 servitutem
1166 351 1405 391 cohortari?
1465 357 1476 373 ‘
1492 351 1671 393 Vetera-

77 433 225 459 norum
255 417 436 458 colonias
464 417 668 457 deductas
689 416 780 470 lege
801 420 845 456 et
865 415 1232 456 senatusconsulto
1262 414 1521 457 sustulistis.7
1583 416 1672 457 Nos

76 482 318 524 sustulimus
350 496 404 522 an
434 486 580 522 contra
606 481 741 535 legem
775 480 954 521 comitiis
991 479 1239 520 centuriatis
1270 480 1401 521 latam
1428 480 1672 521 sanximus?

79 547 189 588 Vide
221 561 272 587 ne
305 553 352 587 tu
384 550 605 586 veteranos
636 551 777 585 tamen
809 559 880 585 eos
915 544 985 600 qui
1018 550 1139 585 erant
1179 544 1331 599 perditi
1364 544 1595 599 perdideris
1629 544 1671 584 in

76 626 252 666 eumque
286 611 422 651 locum
452 609 687 659 deduxeris,
726 624 778 650 ex
811 624 891 665 quo
924 610 1004 664 ipsi
1031 610 1121 664 jam
1154 609 1341 650 sentiunt
1371 624 1415 650 se
1446 622 1671 660 numquam

75 676 272 717 exituros.
336 680 345 696 ‘
363 674 697 715 Massiliensibus
724 674 820 729 jure
849 674 944 715 belli
972 674 1169 729 adempta
1201 674 1440 714 reddituros
1461 688 1534 714 vos
1555 673 1669 728 polli-

76 740 252 782 cemini?
313 740 426 780 Nihil
456 739 622 794 disputo
654 739 705 780 de
730 739 825 793 jure
851 739 1170 793 belliz—-magis
1200 738 1332 779 facilis
1352 738 1582 793 disputatio
1604 742 1671 779 est

75 820 200 861 quam
237 804 631 846 necessaria—illud
675 810 818 845 tamen
857 803 1189 852 animadvertite,
1232 808 1375 858 patres
1426 802 1666 857 conscripti,

74 885 199 925 quam
220 870 275 911 sit
295 870 390 910 huic
420 869 481 910 rei
508 869 698 924 publicae
735 873 859 909 natus
891 868 1026 909 hostis
1050 867 1273 916 Antonius,
1297 867 1367 922 qui
1398 871 1518 908 tanto
1545 881 1669 921 opere

74 950 166 977 eam
198 935 410 976 civitatem
443 934 590 984 oderit,
624 948 750 988 quam
784 933 864 974 scit
897 932 992 973 huic
1028 933 1088 973 rei
1121 932 1313 987 publicae
1347 946 1510 986 semper
1540 930 1668 972 fuisse

72 999 380 1041 amicissimam.
442 998 574 1038 XVI.
609 1004 619 1019 ⁶
634 998 853 1038 Neminem
876 997 1176 1051 Pompeianum
1198 997 1267 1051 qui
1289 996 1400 1037 vivat
1421 997 1555 1037 teneri
1574 996 1668 1051 lege

75 1064 220 1105 Hirtia
241 1062 472 1104 dictitatis.'
510 1062 625 1113 Quis,
649 1076 818 1116 quaeso,
836 1062 927 1115 jam
947 1061 1051 1115 legis
1078 1060 1241 1101 Hirtiae
1263 1060 1519 1101 mentionem
1539 1061 1669 1102 facit?

73 1130 190 1184 cujus
222 1143 304 1169 non
327 1128 463 1168 minus
493 1127 673 1168 arbitror
706 1127 884 1167 latorem
916 1126 1053 1180 ipsum
1084 1140 1208 1180 quam
1238 1139 1310 1165 eos
1338 1126 1388 1165 de
1411 1125 1561 1179 quibus
1581 1126 1668 1167 lata

73 1199 139 1235 est
159 1193 400 1249 poenitere?
462 1191 642 1232 Omnino
664 1205 757 1231 mea
785 1190 950 1245 quidem
985 1190 1197 1231 sententia
1226 1190 1361 1244 legem
1390 1190 1502 1230 illam
1528 1190 1668 1245 appel-

72 1260 158 1300 lare
188 1259 252 1299 fas
282 1272 365 1298 non
398 1260 474 1306 est,
513 1261 567 1306 et,
600 1260 649 1297 ut
680 1255 737 1296 sit
768 1255 848 1305 lex,
882 1270 966 1296 non
993 1255 1192 1296 debemus
1220 1255 1332 1295 illam
1364 1255 1497 1296 Hirtii
1531 1255 1667 1310 legem

71 1327 235 1378 putare.
287 1327 297 1344 ‘
314 1321 551 1377 Apuleiana
574 1320 750 1376 pecunia
783 1320 963 1361 Brutum
995 1320 1286 1361 subornastis?
1335 1319 1458 1371 Quid,
1482 1319 1517 1360 si
1538 1320 1666 1360 omni-

71 1389 149 1428 bus
170 1386 256 1428 suis
276 1386 404 1441 copiis
439 1386 711 1427 excellentem
733 1385 866 1426 virum
893 1399 960 1426 res
981 1385 1148 1440 publica
1179 1389 1396 1434 armasset,
1420 1400 1542 1440 quem
1573 1390 1667 1426 tan-

71 1453 165 1493 dem
185 1453 340 1492 bonum
362 1451 622 1506 poeniteret?
653 1465 728 1491 nec
751 1449 860 1490 enim
881 1450 969 1491 sine
994 1449 1171 1505 pecunia
1198 1450 1427 1491 exercitum
1456 1450 1568 1491 alere
1589 1464 1666 1490 nec

71 1517 160 1558 sine
195 1516 384 1557 exercitu
418 1516 592 1556 fratrem
624 1520 745 1557 tuum
777 1529 925 1570 capere
957 1515 1179 1570 potuisset.
1242 1519 1252 1536 ‘
1271 1514 1415 1555 Securi
1445 1528 1666 1569 percussos

73 1582 249 1623 Petrum
270 1586 313 1622 et
337 1581 634 1621 Menedemum
661 1580 830 1621 civitate
858 1580 1038 1620 donatos
1069 1585 1112 1620 et
1143 1579 1331 1634 hospites
1363 1579 1554 1621 Caesaris
1578 1580 1664 1620 lau-

72 1647 229 1688 dastis?
291 1645 387 1686 Non
413 1646 645 1693 laudamus,
683 1645 795 1699 quod
826 1660 878 1685 ne
909 1644 1141 1685 audivimus
1177 1644 1370 1699 quidem:
1405 1644 1523 1684 valde
1555 1643 1664 1684 enim

70 1712 191 1753 nobis
225 1710 267 1750 in
292 1715 414 1751 tanta
446 1710 762 1764 perturbatione
798 1709 857 1749 rei
891 1709 1080 1763 publicae
1115 1709 1166 1749 de
1203 1709 1364 1748 duobus
1399 1707 1663 1761 nequissimis

73 1775 288 1817 Graeculis
329 1774 598 1829 cogitandum
638 1774 730 1814 fuit.
794 1773 1145 1827 ‘Theopompun1,
1188 1773 1347 1813 nudum
1387 1772 1606 1826 expulsum
1638 1787 1663 1812 a

73 1840 293 1889 Trebonio,
336 1839 559 1892 confugere
594 1837 893 1878 Alexandriam
934 1837 1204 1891 neglexistis.'
1268 1837 1474 1892 Magnum
1507 1837 1663 1877 crimen

71 1911 254 1947 senatus.
306 1904 372 1944 De
395 1903 664 1957 Theopompo
686 1916 847 1942 summo
868 1902 1033 1942 homine
1054 1902 1325 1957 negleximus,
1349 1901 1418 1956 qui
1439 1901 1511 1942 ubi
1532 1906 1662 1942 terra-

73 1997 234 2034 Garatoni,
267 1997 385 2037 quoted
418 1997 460 2037 by
492 1997 600 2034 Halm,
632 1997 736 2027 would
766 1998 846 2028 omit

73 2042 81 2057 ⁴
95 2040 149 2070 et.'
197 2041 293 2070 Halm
310 2050 399 2080 says:
426 2043 446 2057 ‘⁸
457 2040 502 2070 At
517 2040 626 2080 quidni
644 2040 761 2070 diceret
776 2040 844 2070 An-

71 2083 176 2114 tonius
192 2084 328 2113 colonias
348 2084 416 2122 lege
430 2086 462 2113 et
479 2083 510 2112 S.
528 2084 670 2112 consulto
696 2083 845 2113 deductas

72 2136 149 2162 esse,
169 2136 205 2155 eo
231 2126 296 2155 scil.
326 2126 410 2165 quod
435 2126 503 2165 ipse
526 2126 665 2155 fecerat?
711 2126 796 2156 Nam
819 2126 845 2156 si

73 2168 255 2199 Ciceronem
276 2169 394 2204 audias,
418 2179 458 2199 ne
480 2169 616 2208 populus
632 2169 758 2208 quidem
775 2179 843 2198 eam

71 2211 172 2251 legem
202 2212 322 2250 accepit
353 2211 432 2241 Phil.
463 2222 493 2241 v.
521 2222 547 2241 c.
577 2210 632 2242 3.”
678 2211 844 2241 Manutius

72 2264 142 2294 says
158 2264 199 2284 on
227 2254 395 2284 ‘deductas
420 2254 487 2293 lege
501 2253 520 2283 :’
544 2256 564 2271 “
579 2254 663 2293 Lege
690 2254 843 2290 Caesaris,

71 2297 140 2336 ipso
156 2297 226 2326 vivo
240 2295 272 2332 ;'’
296 2297 358 2326 and
373 2297 413 2326 he
430 2306 499 2336 says
516 2306 557 2326 on
574 2300 581 2314 ‘
595 2297 665 2336 lege
681 2319 688 2327 .
707 2319 715 2327 .
733 2320 741 2327 .
757 2297 842 2332 lata‚'

73 2339 176 2369 Pansa
198 2339 252 2368 the
275 2339 383 2368 consul
407 2339 562 2378 proposed
578 2349 596 2368 a
612 2340 677 2370 Lex
698 2340 747 2369 for
769 2350 844 2369 con-

73 2382 199 2419 firming
213 2382 255 2410 all
270 2381 339 2411 that
355 2382 468 2411 Caesar
484 2382 545 2411 had
561 2383 642 2412 done
659 2383 755 2421 (Phil.
771 2393 802 2412 x.
817 2392 843 2412 c.

74 2423 130 2461 8):
156 2426 175 2441 ⁴*
189 2434 268 2462 quae
291 2424 374 2453 enim
401 2424 515 2454 Caesar
536 2425 609 2463 egit,
631 2435 667 2454 ea
689 2428 757 2455 rata
776 2435 845 2455 esse

74 2476 138 2496 non
155 2470 263 2501 curat;
279 2466 317 2495 de
334 2466 447 2505 quibus
460 2467 680 2497 confirmandis
696 2471 728 2497 et
743 2469 844 2498 sanci-

74 2508 162 2538 endis
178 2508 279 2546 legem
302 2509 435 2538 comitiis
459 2510 639 2540 centuriatis
655 2520 693 2540 ex
708 2511 844 2540 auctori-

74 2553 139 2581 tate
169 2554 277 2580 nostra
301 2551 421 2580 laturus
452 2551 532 2581 est.”
578 2552 742 2582 Manutius
772 2553 846 2582 read

75 2597 83 2611 ‘
97 2594 165 2632 lege
182 2616 189 2623 .
208 2616 215 2623 .
233 2615 240 2623 .
257 2593 342 2628 lata,’
359 2603 392 2622 as
409 2594 568 2623 Ferrarius
583 2596 749 2634 proposed.
782 2595 847 2625 But

74 2637 107 2667 in
123 2637 177 2666 the
191 2645 321 2675 passage
337 2635 372 2665 of
386 2636 465 2665 Phil.
482 2646 514 2665 x.
529 2636 637 2666 Cicero
652 2638 678 2667 is
695 2639 846 2677 speaking

75 2678 112 2709 of
131 2689 238 2718 young
254 2678 380 2708 Caesar.

118 2723 152 2752 in
168 2730 300 2760 eumque
315 2720 436 2759 locum]
485 2720 551 2750 Not
574 2724 606 2750 to
630 2721 768 2758 Mutina,
787 2722 846 2753 but

75 2765 142 2794 into
173 2764 251 2794 such
276 2774 295 2793 a
317 2763 479 2802 difficulty.
507 2763 561 2792 ‘in
587 2773 659 2793 eum
689 2765 845 2794 errorem'

77 2805 282 2845 (Manutius).
329 2806 485 2846 Compare
511 2805 572 2835 Pro
600 2806 735 2845 Ligario,
761 2817 787 2837 e.
812 2810 842 2844 9,

75 2850 137 2879 and
152 2849 207 2879 the
221 2852 306 2878 note.

119 2891 390 2930 Massiliensibus]
439 2890 498 2921 See
515 2890 596 2921 Phil.
612 2890 676 2921 viii.
694 2901 721 2920 c.
739 2892 769 2921 6.

935 1998 984 2027 16.
1009 1998 1077 2037 leye
1100 1997 1233 2037 Hirtia]
1281 1997 1427 2035 Nothing
1447 1997 1474 2026 is
1499 1996 1616 2026 known
1631 1995 1667 2025 of

888 2040 952 2070 this
969 2040 1047 2077 Lex,
1064 2040 1166 2070 which
1190 2043 1276 2070 must
1295 2040 1374 2070 have
1400 2040 1481 2070 been
1504 2039 1615 2078 passed
1629 2038 1663 2068 in

889 2082 1033 2114 Caesar’s
1057 2084 1145 2119 time,
1162 2083 1254 2112 when
1281 2083 1403 2113 Hirtius
1419 2092 1481 2112 was
1496 2082 1550 2112 Tr.
1567 2082 1611 2121 pl.
1627 2090 1663 2110 or

890 2126 1029 2156 Praetor.
1076 2125 1280 2161 ‘Dictitatis‚'
1307 2126 1322 2155 Ι
1343 2135 1489 2164 suppose,
1514 2125 1541 2154 is
1561 2134 1580 2154 a
1594 2134 1662 2154 cor-

887 2169 1008 2199 rection
1035 2168 1070 2198 of
1101 2169 1211 2199 Orelli.
1256 2168 1325 2198 The
1355 2168 1451 2198 MSS.
1478 2166 1580 2196 which
1610 2176 1663 2196 are

889 2211 1017 2251 quoted,
1034 2211 1112 2241 have
1129 2214 1136 2227 ‘
1150 2211 1319 2250 dignitates
1331 2211 1339 2225 '
1364 2221 1399 2240 or
1416 2213 1423 2227 ‘
1438 2208 1597 2249 dignatis!

931 2255 1115 2293 Apuleiana
1125 2254 1281 2293 pecunia]
1331 2253 1390 2283 See
1405 2253 1486 2283 Phil.
1502 2262 1533 2282 x.
1550 2262 1576 2282 c.
1596 2253 1648 2282 11.

931 2297 1084 2336 Petrum]
1132 2298 1162 2326 A
1188 2296 1354 2336 corrupted
1381 2306 1473 2325 name
1497 2294 1661 2334 probably.

888 2339 936 2370 M.
957 2340 1077 2379 Haupt,
1095 2339 1213 2378 quoted
1231 2339 1272 2378 by
1291 2339 1399 2375 Halm,
1416 2341 1558 2377 suggests
1582 2341 1590 2354 ⁴
1603 2337 1661 2367 Pe-

887 2381 1032 2418 traeum‚'
1049 2382 1127 2412 both
1143 2382 1176 2411 iu
1192 2382 1254 2412 this
1270 2391 1400 2421 passage
1416 2381 1524 2410 andin
1534 2380 1665 2415 Caesar,

889 2425 927 2455 B.
945 2425 981 2455 C.
997 2425 1041 2454 iii.
1057 2427 1108 2461 35,
1126 2425 1229 2454 where
1243 2425 1299 2454 the
1322 2433 1468 2453 common
1490 2423 1619 2461 reading
1634 2422 1661 2451 is

891 2471 898 2484 ‘
913 2467 1076 2503 Petreius,’
1089 2467 1160 2497 who
1175 2477 1237 2497 was
1253 2477 1272 2496 a
1283 2467 1476 2497 Thessalian.
1501 2469 1521 2483 ‘⁴
1533 2465 1661 2495 Nomen

889 2511 950 2540 hoc
973 2510 1152 2539 Romanum
1183 2510 1287 2539 minus
1314 2509 1480 2539 convenire
1509 2508 1661 2538 Thessalo

889 2556 974 2583 recte
997 2553 1196 2582 observatum
1224 2557 1302 2591 puto
1317 2562 1335 2581 a
1351 2551 1529 2587 Ciacconio,
1548 2551 1581 2580 in
1608 2560 1660 2579 cu-

887 2596 939 2635 jus
963 2595 1043 2625 libro
1068 2598 1116 2625 est
1137 2596 1284 2625 Petreus.
1300 2604 1365 2624 non
1388 2594 1469 2623 male
1493 2593 1612 2623 Lovan.
1629 2596 1661 2622 et

891 2639 988 2668 Dorv.
1011 2637 1180 2668 Preteu3'’
1208 2637 1345 2677 (Caesar,
1371 2637 1420 2667 ed.
1437 2635 1659 2675 Oudendorp).

889 2681 1056 2711 Manutius
1072 2682 1213 2719 suggests
1237 2680 1306 2710 that
1327 2679 1416 2709 these
1438 2678 1583 2709 Graeculi
1597 2677 1660 2707 had

889 2723 970 2754 been
995 2723 1146 2753 executed
1172 2723 1205 2752 in
1231 2723 1347 2753 Greece
1362 2722 1404 2762 by
1420 2722 1468 2751 M.
1486 2721 1660 2751 Brutus.—

891 2768 972 2795 ‘non
999 2766 1163 2795 laudamus
1177 2766 1197 2795 ε’
1223 2775 1242 2795 a
1257 2765 1277 2795 b
1292 2765 1313 2801 i,
1331 2767 1338 2782 ‘
1352 2774 1417 2794 non
1439 2763 1636 2794 laudavimus
1651 2762 1659 2775 '

888 2808 1073 2843 Lambinus,
1092 2808 1198 2838 Halm.

936 2850 1186 2890 Theopompum]
1241 2850 1294 2880 He
1334 2859 1406 2889 may
1442 2848 1482 2879 be
1519 2845 1661 2878 Caesar’s

889 2892 1001 2930 friend,
1013 2893 1196 2923 mentioned
1206 2892 1246 2933 by
1258 2893 1367 2923 Cicero
1379 2891 1444 2932 (Ad
1454 2891 1522 2921 Att.
1534 2890 1600 2920 xiii.
1613 2888 1660 2928 7).
