1816 3211
121 168 203 208 582
284 166 462 209 ORAT.
498 166 1010 209 PHILIPPIOARUM
1047 166 1234 207 LIBER
1266 166 1556 220 QUINTUS.

178 279 245 321 De
267 280 453 322 exercitu
474 285 617 322 autem
636 280 683 321 O.
703 280 895 322 Caesaris
917 280 977 322 ita
999 294 1147 321 censeo
1169 280 1475 321 decernendum
1494 297 1502 321 :
1540 280 1714 322 Senatui

119 346 294 402 placere,
318 345 519 386 militibus
540 345 761 394 veteranis,
786 346 856 400 qui
880 345 1073 386 Caesaris
1103 345 1315 400 pontificis
1337 347 1362 371 *
1385 347 1408 371 *
1431 348 1454 372 *
1478 347 1501 372 *
1524 348 1547 372 *
1569 351 1714 387 aucto-

118 410 369 465 ritatemque
385 411 509 465 hujus
527 410 683 451 ordinis
700 410 960 451 defenderint
980 409 1147 464 [atque]
1168 410 1404 459 defendant,
1423 410 1473 451 iis
1492 410 1713 465 liberisque

118 490 261 516 eorum
282 476 452 515 militiae
470 476 725 516 vacationem
748 489 851 525 esse,
871 475 1016 529 utique
1035 476 1080 516 G.
1097 475 1238 515 Pansa
1257 476 1309 515 A.
1326 475 1493 516 Hirtius
1510 476 1710 525 consules,

118 542 227 581 alter
258 541 446 590 ambove,
477 540 511 580 si
545 540 604 580 eis
632 539 855 590 videretur,
886 545 1189 594 cognoscerent
1222 540 1292 594 qui
1325 554 1425 594 ager
1459 540 1509 581 iis
1542 538 1714 581 coloniis

118 609 241 653 esset,
266 618 347 658 quo
369 604 523 645 milites
543 605 729 646 veterani
751 605 921 646 deducti
943 610 1097 653 essent,
1121 605 1190 660 qui
1222 610 1369 645 contra
1399 605 1533 660 legem
1555 604 1585 644 J
1590 605 1714 645 uliam

117 669 416 724 possideretur,
435 675 483 711 ut
504 669 539 711 is
560 670 763 711 militibus
779 671 987 712 veteranis
1004 670 1283 718 divideretur;
1310 671 1361 711 de
1383 684 1483 725 agro
1502 670 1713 725 Campano

118 734 343 788 separatim
365 740 681 790 cognoscerent,
706 735 941 790 inirentque
962 735 1166 776 rationem
1198 735 1248 776 de
1280 735 1510 776 commodis
1537 735 1714 777 militum

117 803 410 840 veteranorum
431 801 645 855 augendis,
668 800 901 856 legionique
936 800 1121 841 Martiae
1143 805 1186 841 et
1206 800 1361 855 legioni
1384 800 1569 852 Quartae
1591 806 1634 842 et
1664 801 1714 841 iis

118 864 320 905 militibus
347 865 416 919 qui
447 865 498 905 de
525 865 688 920 legione
719 865 923 916 Secunda,
949 865 1179 906 Trieesima
1203 864 1360 917 Quinta
1381 866 1434 906 ad
1457 865 1502 907 C.
1528 866 1714 906 Pansam

119 930 175 972 A.
200 930 390 972 Hirtium
422 932 611 972 consules
632 931 844 973 venissent
877 945 1034 986 suaque
1067 930 1233 971 nomina
1262 931 1488 980 dedissent,
1522 931 1634 986 quod
1665 931 1714 971 iis

117 996 349 1037 auctoritas
370 1002 542 1038 senatus
563 997 784 1052 populique
808 996 987 1037 Romani
1008 996 1180 1037 libertas
1198 996 1412 1037 carissima
1432 996 1488 1038 sit
1509 1002 1552 1037 et
1572 996 1710 1047 fuerit,

117 1062 379 1104 vacationem
400 1062 573 1103 militiae
595 1062 695 1117 ipsis
714 1062 937 1117 liberisque
959 1077 1103 1103 eorum
1125 1077 1216 1103 esse
1237 1062 1397 1116 placere
1420 1067 1540 1103 extra
1561 1063 1713 1104 tumul-

117 1134 208 1168 tum
230 1127 439 1168 Gallicum
463 1128 770 1182 Italicumque3
806 1142 957 1182 easque
986 1128 1172 1182 legiones
1203 1127 1310 1168 bello
1343 1127 1534 1169 confecto
1564 1128 1713 1169 missas

117 1192 208 1232 fieri
239 1193 426 1247 placere3
462 1198 742 1247 quantamque
772 1192 991 1247 pecuniam
1023 1192 1226 1233 militibus
1257 1207 1399 1233 earum
1430 1192 1640 1247 legionum
1670 1194 1712 1234 in

116 1257 302 1312 singulos
326 1256 372 1298 O.
389 1258 555 1307 Caesar,
579 1258 780 1313 pontifex,
800 1273 874 1313 pro
896 1262 1101 1313 praetore,
1119 1257 1326 1312 pollicitus
1348 1257 1415 1306 sit,
1438 1262 1602 1299 tantam
1623 1259 1712 1299 dari

115 1322 304 1376 placere;
339 1322 485 1377 utique
508 1322 554 1364 O.
580 1323 720 1364 Pansa
752 1324 808 1363 A.
833 1323 1001 1364 Hirtius
1023 1322 1225 1373 consules,
1249 1322 1355 1364 alter
1385 1323 1572 1374 ambove,
1596 1323 1630 1364 si
1652 1324 1712 1365 eis

115 1387 340 1437 videretur,
363 1388 569 1429 rationem
591 1388 681 1444 agri
704 1389 908 1429 haberent
930 1388 998 1443 qui
1020 1389 1108 1429 sine
1130 1387 1282 1443 injuria
1308 1388 1564 1443 privatorum
1586 1388 1713 1430 dividi

115 1459 289 1508 posset;
328 1453 460 1509 iisque
491 1454 706 1504 militibus,
743 1454 898 1510 legioni
938 1454 1123 1495 Martiae
1160 1459 1202 1495 et
1238 1453 1392 1508 legioni
1430 1452 1615 1504 Quartae
1650 1454 1711 1495 ita

116 1518 263 1560 darent
293 1519 568 1574 assignarent,
602 1525 650 1562 ut
683 1520 834 1575 quibus
866 1520 1067 1561 militibus
1099 1519 1352 1574 amplissime
1387 1518 1474 1559 dati
1505 1518 1712 1574 assignati

116 1584 432 1625 essent—Dixi
452 1586 505 1626 ad
526 1600 574 1627 ea
595 1586 746 1636 omnia,
774 1586 975 1634 consules,
1000 1586 1051 1626 de
1078 1585 1228 1640 quibus
1255 1583 1505 1633 rettulistis;
1540 1599 1644 1639 quae
1675 1583 1710 1624 si

116 1655 236 1691 erunt
270 1650 360 1691 sine
392 1666 510 1692 mora
536 1656 783 1706 matureque
819 1651 1000 1701 decreta,
1035 1650 1197 1691 facilius
1227 1649 1488 1705 apparabitis
1523 1664 1572 1689 ea
1604 1664 1709 1704 quae

115 1719 283 1771 tempus
318 1720 361 1756 et
393 1716 620 1757 necessitas
651 1716 830 1770 flagita-t.
893 1715 1118 1757 Celei-itate
1148 1720 1290 1756 autem
1321 1728 1426 1769 opus
1461 1718 1537 1765 est,
1562 1728 1643 1768 qua
1673 1714 1709 1755 si

117 1795 303 1822 essemus
324 1781 401 1831 usi,
423 1781 587 1831 bellum,
612 1786 660 1822 ut
680 1795 805 1835 saepe
828 1780 925 1830 dixi,
947 1781 1107 1820 nullum
1128 1780 1389 1821 haberemus.

165 1911 309 1940 Caesaris
332 1910 510 1949 pontificis]
560 1909 746 1948 Something
771 1909 797 1939 is
826 1910 888 1940 lost

117 1954 201 1983 here.
262 1953 427 1983 Manutius
463 1953 628 1991 suggested
669 1955 675 1969 ‘
694 1953 888 1982 voluntatem

118 1997 215 2026 secuti
230 1995 315 2025 sint.¹
363 1996 512 2026 Garatoni
529 1996 629 2026 added
646 1996 708 2025 and
722 1996 817 2025 Halm
835 1996 891 2026 has

117 2044 176 2079 put
192 2039 259 2069 itin
276 2039 324 2068 his
348 2042 416 2068 text
439 2039 472 2068 in
490 2039 613 2069 Italics:
639 2039 892 2068 “auctoritatem

118 2083 217 2112 secuti
248 2082 426 2117 libertatem
458 2082 568 2121 populi
599 2081 770 2118 Romani,'’
810 2082 891 2112 from

119 2125 199 2155 Phil.
217 2125 258 2154 iii.
277 2136 302 2155 c.
325 2126 372 2155 15.

165 2168 311 2207 [atque]]
361 2168 487 2197 Ernesti
514 2168 621 2197 erased
649 2170 657 2184 ¹
670 2171 765 2207 atque
779 2167 797 2205 3’
829 2168 891 2197 and

117 2211 143 2241 it
158 2212 256 2250 ought
272 2215 328 2240 not
344 2214 376 2240 to
393 2211 432 2241 be
447 2212 490 2241 in.
506 2211 534 2240 if
553 2211 662 2241 Cicero
678 2211 824 2241 followed
837 2212 892 2240 the

119 2254 243 2283 Roman
267 2255 402 2283 formula
425 2255 501 2284 used
518 2255 550 2283 in
567 2255 643 2283 such
667 2257 818 2284 cases.—‘
832 2255 890 2284 mi-

117 2297 202 2326 litiae
217 2298 410 2326 vacationem
425 2296 444 2326 ε’
468 2307 486 2326 a
496 2307 626 2336 passage
642 2308 659 2327 a
675 2298 756 2327 little
768 2297 891 2327 further

118 2349 160 2369 on
176 2340 277 2369 shows
292 2340 362 2369 that
378 2341 556 2379 something
571 2341 597 2369 is
614 2341 675 2370 lost
691 2341 775 2377 here,
793 2350 829 2369 or
845 2350 890 2369 we

118 2385 204 2412 must
219 2383 300 2412 limit
314 2383 368 2412 the
384 2384 554 2422 generality
570 2383 605 2413 of
622 2383 711 2414 these
735 2387 831 2413 terms
848 2383 889 2422 by

117 2425 202 2454 what
217 2435 320 2454 comes
336 2426 433 2455 after:
459 2429 466 2442 ⁴
479 2430 567 2456 extra
590 2427 763 2457 tumultum
791 2426 888 2457 Galli-

118 2478 189 2498 cum
206 2467 437 2507 Italicumque.'

160 2512 188 2540 si
205 2511 249 2539 eis
264 2511 443 2550 videretur]
471 2521 506 2541 or
523 2511 554 2541 S.
573 2511 674 2548 E.V.‚
692 2522 726 2542 as
747 2512 810 2542 this
828 2512 889 2541 for-

118 2553 204 2583 mula
219 2553 244 2582 is
261 2553 460 2583 abbreviated
474 2555 506 2583 in
520 2565 607 2584 some
623 2555 822 2585 editions—⁴
835 2555 890 2594 qui

117 2595 240 2626 contral
255 2606 343 2634 egem
360 2596 477 2626 Juliam
494 2597 708 2636 possideretur
722 2598 741 2627 :'
769 2600 788 2614 “
802 2598 841 2627 ab
852 2598 889 2627 iis

118 2639 233 2679 quibus
256 2639 414 2669 Antonius
430 2644 540 2678 postea
567 2641 704 2670 dedisset
719 2640 737 2654 '’
755 2641 886 2679 (Manu-

117 2681 261 2722 tius).—‘
279 2681 449 2711 Tricesima
479 2683 597 2715 Quinta
615 2683 635 2712 ε’
668 2687 675 2700 ⁴
689 2683 787 2713 xxxv'
813 2684 843 2712 V
866 2684 886 2713 i.

116 2726 264 2755 Muretus
304 2724 357 2764 (ln
389 2725 545 2754 Ciceronis
585 2726 664 2755 Phil.
690 2727 823 2761 Scholia,
854 2737 886 2765 p.

117 2768 194 2807 908)
224 2777 293 2807 says
320 2767 390 2796 that
416 2768 503 2797 these
527 2771 534 2783 ⁶
550 2769 663 2798 notae'
692 2780 782 2798 mean
811 2770 886 2799 ‘tri-

115 2812 204 2851 ginta
246 2811 385 2850 quinque
426 2811 563 2847 milites‚’
610 2815 667 2841 not
705 2816 712 2829 ⁴
730 2813 887 2841 tricesima

116 2855 227 2895 quinta
245 2853 348 2894 legio.'
395 2853 460 2883 But
486 2853 580 2883 Halm
597 2854 692 2885 refers
708 2858 741 2885 to
759 2854 887 2885 Galba's

932 1910 1026 1940 letter
1036 1912 1068 1940 to
1081 1909 1190 1940 Cicero
1205 1909 1267 1949 (Ad
1286 1909 1358 1939 Div.
1374 1920 1404 1939 x.
1417 1911 1468 1945 30,
1486 1908 1532 1947 3),
1549 1908 1651 1939 where
1664 1918 1710 1938 we

933 1954 1012 1983 have
1029 1955 1036 1969 ⁴
1050 1953 1203 1991 legionem
1220 1952 1325 1982 xxxv'
1374 1953 1466 1982 Some
1483 1953 1518 1982 of
1526 1953 1590 1982 this
1605 1952 1709 1990 legion

922 1996 997 2033 ‚had
1020 1996 1161 2025 desei-ted
1178 1996 1347 2025 Antonius.
1394 1996 1504 2025 Cicero
1521 2005 1591 2034 says
1611 1995 1707 2035 (Phil.

936 2039 980 2068 iii.
998 2049 1023 2068 c.
1045 2038 1110 2078 12),
1133 2043 1166 2068 to
1190 2039 1292 2068 which
1314 2039 1480 2068 Manutius
1502 2039 1610 2073 refers,
1635 2040 1653 2054 ‘¹
1668 2038 1707 2067 In

936 2082 1070 2112 Galliam
1087 2082 1267 2110 mutilatum
1286 2080 1372 2111 ducit
1387 2080 1596 2111 exercitum?
1642 2081 1708 2110 But

933 2125 1093 2155 Antonius
1110 2125 1173 2154 still
1196 2125 1256 2154 had
1280 2125 1334 2154 the
1357 2128 1479 2163 greater
1502 2128 1573 2163 part
1597 2123 1632 2154 of
1653 2124 1708 2153 the

933 2168 1106 2198 Tricesima
1123 2168 1254 2203 Quinta,
1271 2178 1305 2197 as
1323 2167 1452 2197 Galba's
1468 2168 1562 2197 letter
1578 2167 1692 2197 shows.

978 2212 1062 2241 aller
1085 2212 1222 2246 ambove,
1253 2212 1281 2240 si
1310 2212 1354 2240 eis
1380 2210 1559 2249 videretur]
1597 2212 1647 2239 ⁴a.
1675 2219 1705 2238 a.

933 2264 1027 2283 ueseu
1039 2253 1046 2266 ’
1064 2254 1102 2283 V.
1118 2265 1125 2289 ς
1150 2263 1190 2283 on
1208 2253 1309 2283 which
1328 2253 1435 2283 Ursini
1451 2263 1539 2292 says:
1565 2254 1584 2269 “
1598 2253 1706 2285 Quum

933 2297 965 2326 in
996 2296 1075 2326 libro
1101 2297 1253 2326 Vaticano
1275 2306 1346 2326 aa.
1374 2306 1429 2326 seu
1455 2297 1624 2332 rationem,
1647 2298 1704 2325 ἃς.

933 2340 1085 2379 scriptum
1112 2340 1308 2378 reperissem,
1334 2339 1424 2368 facile
1449 2338 1590 2368 intellexi
1613 2348 1704 2368 sena-

932 2382 1123 2412 tusconsulti
1147 2382 1315 2411 formulam
1338 2382 1514 2421 significari,
1533 2391 1614 2421 quae
1629 2381 1705 2411 toti-

932 2426 1002 2455 dem
1016 2425 1386 2464 literisinterpunctionis
1403 2429 1478 2454 nota
1494 2425 1659 2459 distinctis,
1672 2425 1705 2453 in

931 2471 1036 2498 vetere
1060 2468 1144 2507 apud
1171 2478 1221 2497 me
1247 2468 1520 2497 senatusconsulto
1543 2467 1576 2497 in
1606 2477 1704 2496 aenea

931 2511 1040 2541 tabula
1061 2521 1207 2550 expressa
1231 2515 1280 2541 est
1304 2511 1364 2541 hoc
1385 2511 1478 2540 modo
1501 2511 1541 2540 A.
1556 2510 1595 2539 A.
1614 2510 1645 2539 S.
1664 2510 1703 2539 E.

931 2554 983 2591 V„
1001 2554 1060 2584 hoc
1076 2558 1133 2589 est,
1151 2555 1234 2583 aller
1250 2554 1378 2584 ambove
1392 2555 1419 2583 si
1436 2555 1480 2583 eis
1501 2552 1702 2583 videretur.¹'

932 2597 971 2627 In
991 2598 1046 2627 the
1076 2598 1144 2626 first
1173 2597 1315 2626 instance
1344 2597 1446 2626 where
1476 2596 1539 2626 this
1568 2595 1703 2625 formula

930 2649 1038 2670 occurs
1054 2640 1086 2669 in
1103 2640 1166 2669 this
1182 2639 1311 2679 chapter
1330 2639 1425 2668 Halm
1441 2640 1526 2678 gives
1541 2639 1597 2668 the
1612 2638 1702 2668 read-

929 2683 984 2722 ing
1008 2683 1044 2712 of
1065 2683 1104 2711 V·
1124 2683 1217 2712 thus:
1253 2685 1318 2712 ‘aa.
1344 2681 1473 2718 uesiem’
1499 2682 1561 2711 and
1586 2682 1619 2710 in
1645 2680 1701 2709 the

930 2726 1055 2761 second,
1083 2729 1089 2741 ‘
1104 2736 1131 2755 a.
1149 2735 1176 2754 a.
1193 2724 1312 2754 ueseu.²
1357 2725 1460 2754 There
1486 2725 1512 2754 is
1535 2734 1576 2753 no
1601 2723 1701 2752 doubt

929 2769 999 2798 that
1015 2769 1123 2798 Ursini
1139 2768 1195 2797 has
1212 2768 1374 2807 explained
1392 2768 1416 2797 it
1431 2767 1525 2806 right.

972 2812 1124 2841 haberent
1155 2833 1162 2840 .
1182 2833 1190 2840 .
1209 2833 1216 2840 .
1242 2811 1365 2850 posset]
1416 2810 1560 2847 Schuet2‚
1589 2808 1698 2839 Halm.

928 2855 957 2885 V
973 2854 1030 2885 has
1048 2857 1054 2871 ‘
1069 2853 1188 2884 habent
1205 2876 1212 2884 .
1231 2876 1238 2884 .
1258 2877 1264 2883 .
1283 2852 1404 2893 possit.’
