1816 3211
244 168 326 209 562
407 166 586 208 ORAT.
619 165 1132 208 PHILIPPIOARUM
1166 165 1354 206 LIBER
1387 166 1679 220 QUINTUS.

243 286 442 331 vestrum,
466 285 624 336 quanta
646 281 788 331 virtus,
814 285 971 335 quanta
1001 279 1253 329 constantia,
1277 284 1478 335 quantam
1510 280 1603 322 sitis
1635 296 1660 322 a
1691 280 1814 335 popul

246 347 438 389 Romano
479 347 655 395 laudem,
698 352 897 401 quantam
938 346 1125 399 gloriam,
1169 350 1369 400 quantam
1400 345 1579 400 gratiam
1615 351 1810 388 conse-eut

246 414 392 467 Atque
414 413 483 452 illo
506 412 583 459 die,
609 416 752 466 patres
773 410 1014 465 conscripti,
1038 425 1086 451 ea
1118 411 1397 451 constituistis
1425 416 1473 451 ut
1495 411 1610 451 vobis
1632 412 1719 465 jam
1741 411 1810 450 nih

245 478 301 518 sit
324 478 533 531 integrum
555 477 633 515 nisi
655 481 730 516 aut
751 476 930 515 honesta
952 490 1032 529 pax
1063 480 1137 516 aut
1159 476 1312 516 bellum
1333 476 1623 516 necessarium.
1688 476 1813 516 Pacci

246 543 334 584 vult
368 542 430 581 M.
455 541 696 581 Antonius?
758 540 892 580 Arma
912 541 1109 594 deponat,
1134 546 1266 596 roget,
1301 543 1562 596 deprecetur.
1626 541 1814 581 Neminei

246 606 483 661 aequiorem
499 606 680 660 reperiet
702 620 826 660 quam
849 620 924 655 me,
947 605 1025 655 cui,
1043 606 1140 646 dum
1162 621 1206 647 se
1229 607 1387 647 civibus
1409 606 1544 661 impiis
1566 606 1816 646 commendai

247 671 438 712 inimicus
458 686 549 712 esse
571 686 694 726 quam
716 671 875 712 amicus
897 671 1055 713 maluit.
1118 672 1233 713 Nihil
1255 678 1320 713 est
1350 672 1539 727 profecto
1570 672 1679 726 quod
1711 670 1816 725 possi

248 736 338 776 dari
358 736 512 776 bellum
539 736 729 792 gere11ti3
765 736 846 777 erit
876 736 1055 777 fortasse
1086 737 1242 792 aliquid
1275 738 1384 793 quod
1415 737 1586 778 concedi
1619 736 1753 791 possit
1780 751 1816 776 r(

247 800 388 854 ganti:
423 801 587 856 legatos
608 815 706 842 vero
727 802 781 842 ad
803 816 896 841 eum
918 801 1100 853 mittere,
1125 803 1174 842 de
1197 817 1278 858 quo
1299 802 1589 858 gravissimum
1610 807 1654 843 et
1674 801 1816 842 severis

248 866 399 907 simum
422 865 627 921 judicium
647 866 797 907 nudius
818 867 970 907 tertius
991 867 1178 908 decimus
1208 867 1407 916 feceritis,
1430 882 1514 908 non
1541 868 1631 922 jam
1662 867 1816 907 levit-at

249 936 326 980 est,
350 931 435 981 sed,
460 936 508 972 ut
528 932 639 986 quod
661 931 796 973 sentio
819 932 966 981 dicam,
991 932 1237 973 dementiae.
1302 933 1362 974 II.
1397 933 1586 973 Primum
1616 933 1742 973 duces
1774 946 1816 972 ec

247 996 504 1046 laudavistis,
528 997 597 1052 qui
630 1001 776 1038 contra
807 997 922 1037 illum
952 997 1106 1038 bellum
1136 998 1298 1052 privato
1329 998 1500 1039 consilio
1528 997 1812 1052 suscepissent

250 1061 399 1102 deinde
421 1061 574 1102 milites
594 1066 826 1110 veteranos,
850 1062 931 1116 qui,
967 1077 1095 1117 quum
1123 1063 1175 1103 ab
1198 1063 1387 1104 Antonio
1419 1063 1460 1103 in
1494 1062 1676 1103 colonias
1705 1077 1816 1103 esser

250 1126 434 1174 deducti,
464 1126 572 1166 illius
604 1126 809 1166 beneficio
842 1127 1080 1168 libertatem
1114 1128 1254 1182 populi
1291 1127 1470 1167 Romani
1502 1133 1816 1182 anteposuerim*

251 1190 371 1243 Quid,
394 1191 502 1245 legio
534 1190 719 1238 Martia,
755 1191 866 1246 quid,
904 1192 1076 1244 Quarta,
1111 1207 1186 1232 cur
1216 1192 1464 1233 laudantur?
1527 1192 1570 1232 si
1603 1193 1713 1233 enim
1751 1207 1816 1233 cor

248 1255 379 1296 sulem
399 1270 522 1295 suum
542 1255 813 1310 reliquerunt,
836 1256 1135 1311 vituperandae
1165 1261 1265 1297 sunt
1284 1273 1292 1296 :
1326 1256 1361 1297 si
1393 1257 1604 1297 inimicum
1625 1257 1684 1297 rei
1715 1257 1812 1311 publ

250 1335 334 1369 cae,
353 1321 447 1375 jure
468 1320 707 1361 laudantur.
760 1321 895 1376 Atqui
913 1336 1040 1377 quum
1058 1322 1248 1362 consules
1265 1322 1448 1362 nondum
1464 1322 1687 1373 haberetis,
1706 1323 1816 1364 decr(

248 1386 368 1427 vistis
389 1391 437 1427 ut
458 1391 501 1427 et
522 1386 573 1427 de
594 1386 788 1441 praemiis
804 1387 995 1434 militum,
1014 1391 1058 1428 et
1079 1387 1130 1427 de
1147 1387 1374 1428 honoribus
1395 1387 1693 1442 imperatorum
1713 1387 1816 1442 prim

249 1467 412 1508 quoque
433 1456 622 1506 tempore
652 1452 892 1493 referretur.
955 1452 1104 1494 Placet
1137 1453 1284 1493 eodem
1316 1457 1506 1508 tempore
1534 1452 1719 1508 praemia
1749 1467 1816 1493 cor

250 1517 426 1559 stituere
447 1516 498 1557 iis
521 1516 589 1572 qui
616 1521 764 1558 contra
786 1517 1021 1559 Antonium
1048 1532 1165 1558 arma
1193 1518 1393 1573 ceperint,
1416 1523 1459 1559 et
1488 1518 1652 1573 legatos
1682 1518 1735 1558 ad
1755 1518 1816 1558 Ar

249 1582 411 1624 tonium
432 1582 627 1623 mittere?
657 1588 705 1624 ut
722 1582 810 1637 jam
831 1583 1071 1638 pudendum
1092 1583 1147 1624 sit
1177 1583 1419 1625 honestiora
1445 1584 1614 1624 decreta
1635 1598 1725 1624 esse
1746 1583 1814 1638 leg

250 1663 377 1688 onum
404 1662 528 1703 quam
558 1652 758 1695 senatus3
792 1647 995 1703 siquidem
1027 1648 1213 1703 legiones
1246 1649 1520 1690 decreverunt
1552 1653 1745 1689 senatum
1777 1648 1816 1688 ἃ(

249 1713 420 1753 fendere
453 1717 600 1753 contra
622 1712 869 1763 Antonium,
906 1718 1078 1753 senatus
1112 1713 1298 1754 decernit
1329 1713 1490 1768 legatos
1520 1714 1574 1753 ad
1597 1712 1816 1753 Antoniun

252 1776 411 1818 Utrum
431 1777 511 1818 hoc
533 1782 599 1818 est
620 1777 866 1818 confirmare
896 1778 1075 1819 militum
1104 1778 1266 1818 animos
1296 1792 1349 1818 an
1381 1777 1597 1818 debilitare
1617 1777 1816 1818 virtutem

253 1841 351 1882 Hoc
374 1841 462 1882 dies
484 1841 703 1881 duodecim
723 1841 1003 1895 profecerunt,
1028 1847 1075 1882 ut
1096 1857 1219 1897 quem
1240 1857 1361 1883 nemo
1383 1847 1551 1897 praeter
1574 1840 1764 1896 Cotylam
1785 1843 1816 1883 i1

251 1911 402 1947 ventus
423 1906 478 1947 sit
499 1906 569 1961 qui
591 1906 843 1955 defenderet,
867 1906 902 1946 is
922 1907 1077 1948 habeat
1100 1908 1187 1961 jam
1209 1913 1410 1962 patronos
1432 1907 1560 1947 etiam
1592 1907 1816 1948 consulare}

254 1971 335 2023 Qui
366 1971 527 2012 utinam
568 1985 711 2011 omnes
750 1975 849 2011 ante
890 1986 954 2012 me
994 1972 1248 2012 sententiam
1289 1977 1816 2026 rogarentur—›quamquai

252 2035 442 2091 suspicor
463 2035 560 2090 quid
583 2035 735 2077 dicturi
756 2035 842 2076 sint
862 2036 1030 2090 quidam
1052 2051 1196 2076 eorum
1218 2036 1286 2092 qui
1318 2041 1415 2092 post
1442 2051 1507 2077 me
1529 2037 1816 2091 rogabuntur—

252 2101 413 2142 facilius
434 2106 581 2143 contra
602 2101 794 2151 dicerem,
817 2101 852 2141 si
874 2102 972 2157 quid
994 2102 1219 2144 videretur.
1281 2102 1363 2144 Est
1394 2102 1503 2144 enim
1535 2102 1672 2157 opinio
1704 2103 1816 2143 decr(

255 2263 314 2302 day
337 2262 456 2299 before,
481 2263 536 2292 the
562 2271 632 2292 x111
661 2262 734 2292 Kal.
757 2262 843 2299 Jan.‚
861 2262 952 2293 when
974 2263 1028 2293 the

254 2305 353 2335 Third
371 2306 525 2345 Philippic
540 2316 602 2335 was
618 2306 784 2335 delivered.
832 2307 863 2336 It
879 2316 941 2336 was
957 2316 1027 2336 now

255 2348 311 2377 the
328 2349 400 2378 Kal.
417 2349 489 2378 Jan.
537 2352 544 2365 ¹
559 2349 684 2378 Nudius
696 2348 703 2361 ’
720 2349 745 2378 is
764 2352 770 2364 ‘
784 2359 869 2379 nunc
885 2349 977 2385 dius,’
994 2360 1028 2379 as

257 2390 369 2420 Festus
386 2401 456 2430 says
474 2391 682 2430 (Forcellini).
727 2392 795 2421 The
810 2392 949 2422 Romans
962 2392 1028 2422 said

257 2433 393 2463 ‘nudius
416 2434 552 2470 tertius‚'
570 2437 577 2451 ‘
591 2434 706 2464 nudius
730 2435 885 2474 quartus‚'
910 2435 973 2465 and
997 2445 1030 2465 so

257 2485 309 2506 on.

300 2520 343 2548 sit
360 2519 535 2558 inteyrum]
575 2521 582 2535 ‘
594 2529 657 2558 you
679 2519 759 2550 have
782 2530 823 2550 no
839 2520 945 2550 choice
960 2530 1031 2551 now

257 2561 355 2591 about
370 2571 430 2600 any
440 2561 531 2599 thing
546 2566 657 2601 except
673 2572 710 2592 an
728 2563 921 2593 honourable
936 2573 1031 2603 peace

258 2614 294 2634 or
309 2614 349 2633 an
364 2604 571 2633 unavoidable
586 2604 670 2634 war.'
716 2605 792 2636 This
809 2616 899 2636 sense
915 2608 950 2635 of
964 2610 971 2623 ‘
983 2607 1029 2635 in-

258 2646 406 2685 tegrum‚’
417 2646 517 2675 which
534 2647 560 2676 is
576 2657 732 2683 common,
748 2649 774 2678 is
791 2649 887 2688 easily
903 2649 1030 2679 derived

258 2689 338 2719 from
355 2689 409 2719 the
424 2689 581 2728 primitive
597 2700 687 2720 sense
702 2691 738 2720 of
751 2694 758 2707 ‘
770 2691 892 2721 entire.’

301 2734 332 2762 2.
357 2732 452 2762 duces
482 2732 547 2771 eos]
593 2732 771 2763 Caesar.—‘
786 2734 955 2764 colonias?
979 2744 1030 2765 see

258 2775 313 2805 the
328 2775 452 2814 general
470 2774 700 2811 Introduction,
717 2786 749 2814 p.
763 2778 836 2807 454.

302 2818 442 2847 nondum
473 2818 649 2856 haberetis]
699 2818 751 2848 On
781 2819 837 2849 the
862 2829 931 2850 xllx
958 2820 1031 2850 Kal.

258 2860 332 2891 Jan.
358 2861 460 2890 Pansa
485 2860 547 2889 and
575 2860 699 2890 Hirtius
727 2871 807 2891 were
833 2863 908 2902 only
934 2866 941 2879 ‘
955 2873 1030 2892 con-

259 2903 343 2934 sules
368 2902 554 2942 designati;’
577 2903 638 2933 and
654 2903 694 2932 he
712 2903 787 2934 does
807 2908 864 2935 not
887 2905 1031 2936 consider

1072 2263 1231 2293 Antonius
1253 2273 1286 2293 as
1307 2274 1326 2293 a
1349 2263 1470 2293 consul.
1515 2262 1583 2292 The
1613 2262 1704 2292 other
1725 2272 1816 2293 consu

1073 2307 1249 2343 Dolabella,
1266 2307 1327 2336 had
1344 2310 1392 2336 set
1407 2309 1464 2336 out
1479 2309 1512 2335 to
1529 2305 1627 2345 Syria.

1116 2350 1231 2379 Placet
1256 2349 1378 2388 eodem]
1429 2348 1566 2379 Cicero’s
1593 2351 1758 2388 argument
1783 2358 1816 2377 w:

1072 2392 1164 2431 good.
1209 2393 1257 2422 To
1284 2392 1360 2422 send
1377 2393 1487 2431 Legati
1507 2395 1540 2421 to
1556 2392 1714 2421 Antonius
1734 2391 1794 2420 and
1812 2396 1816 2418 1

1074 2435 1192 2465 reward
1222 2436 1314 2465 those
1340 2435 1469 2464 soldiers
1497 2434 1566 2464 who
1598 2434 1658 2464 had
1682 2434 1739 2463 left
1767 2433 1816 2462 hin

1074 2488 1137 2508 was
1157 2479 1372 2508 inconsistent.
1419 2478 1483 2507 But
1507 2478 1531 2507 it
1555 2487 1616 2507 was
1640 2476 1816 2506 inconsistei

1075 2521 1140 2550 also
1157 2524 1189 2550 to
1205 2521 1325 2550 reward
1347 2520 1462 2551 Caesar
1486 2520 1534 2550 for
1558 2520 1606 2549 his
1630 2519 1734 2558 illegal
1759 2522 1816 2548 acti

1076 2563 1134 2593 but
1159 2563 1267 2594 Cicero
1294 2563 1481 2593 overlooked
1511 2563 1584 2593 this.
1632 2563 1683 2592 He
1708 2561 1816 2599 thougl

1073 2607 1143 2636 that
1170 2607 1285 2637 Caesar
1308 2606 1411 2636 would
1437 2606 1509 2646 help
1536 2611 1569 2636 to
1593 2605 1718 2643 desti-oy
1741 2605 1816 2634 Ant(

1073 2659 1154 2679 nius.

1118 2693 1193 2722 Hoc
1209 2714 1217 2722 .
1236 2714 1243 2722 .
1262 2691 1509 2731 ‚profu-erunt]
1557 2694 1565 2708 ‘
1577 2690 1654 2721 This
1668 2689 1694 2719 is
1710 2688 1752 2718 all
1774 2688 1816 2717 th:

1074 2745 1120 2765 we
1150 2735 1230 2764 have
1263 2734 1374 2773 gained
1405 2734 1445 2774 by
1475 2734 1584 2764 twelve
1614 2730 1700 2771 days'
1731 2730 1816 2769 delay

1075 2778 1200 2807 Twelve
1215 2777 1272 2806 full
1289 2778 1374 2817 days,
1391 2777 1418 2807 if
1430 2777 1484 2806 the
1499 2786 1568 2806 xi11
1583 2775 1654 2805 Kal.
1665 2774 1738 2804 Jan.
1752 2773 1778 2802 is
1794 2774 1816 2802 i1

1076 2820 1252 2850 cluded.—‘
1267 2820 1410 2859 Cotylam
1427 2819 1446 2849 :’
1465 2820 1502 2849 L.
1515 2818 1628 2847 Varius
1644 2816 1766 2855 Cotyla,
1784 2825 1816 2845 or

1075 2864 1111 2893 of
1123 2862 1292 2893 Antonius’
1309 2863 1428 2892 friends
1445 2861 1541 2902 (Phil.
1554 2860 1618 2890 xiii.
1638 2859 1702 2899 12).
1751 2858 1801 2888 He

1076 2905 1257 2936 mentioned
1273 2905 1314 2945 by
1332 2904 1480 2935 Plutarch
1497 2902 1631 2943 (Anton.
1645 2911 1671 2931 c.
1691 2900 1757 2941 18).
