1816 3211
719 174 852 217 OAP.
887 177 1009 217 1—3.
1575 181 1659 223 587

63 293 235 330 senatus
265 289 488 345 populique
513 288 694 330 Romani
722 294 950 345 potestate.
1014 289 1158 331 Facile
1183 305 1282 332 vero
1313 290 1408 332 huic
1437 291 1656 333 denuntia-

61 354 167 395 tioni
188 354 355 410 parebit
376 361 423 396 ut
445 355 485 395 in
507 360 674 410 patrum
696 356 1030 411 conscriptorum
1051 360 1179 411 atque
1211 356 1253 396 in
1273 363 1412 397 vestra
1441 361 1655 412 potestate

16 440 18 442 ·
61 419 118 460 sit
146 420 215 474 qui
247 420 289 460 in
310 435 386 461 sua
410 435 638 476 numquam
662 420 815 462 fuerit!
881 421 991 473 Quid
1020 422 1130 462 enim
1155 421 1222 462 ille
1255 437 1451 477 umquam
1478 423 1654 463 arbitrio

61 500 137 526 suo
157 485 285 527 fecit?
316 501 481 541 semper
502 501 550 527 eo
573 491 737 528 tractus
759 491 825 528 est
846 502 927 541 quo
948 487 1077 528 libido
1099 487 1255 542 rapuit,
1278 503 1361 543 quo
1383 488 1542 538 levitas,
1571 502 1653 543 quo

59 551 186 601 furor,
211 566 291 606 quo
313 551 564 593 vinolentia:
599 566 761 607 semper
782 567 877 592 eum
899 553 978 592 duo
1001 552 1215 594 dissimilia
1242 568 1399 608 genera
1427 558 1655 595 tenuerunt

59 615 255 656 lenonum
276 621 319 657 et
340 617 575 658 latronum:
611 618 669 658 ita
692 617 934 658 domesticis
962 618 1131 673 stupris,
1155 619 1391 660 forensibus
1418 619 1654 674 parricidiis

58 680 307 731 delectatur,
346 685 393 721 ut
433 681 593 722 mulieri
634 682 757 723 citius
799 682 1068 724 avarissimae
1104 684 1292 739 paruerit
1325 699 1449 739 quam
1489 683 1655 725 senatui

56 745 292 801 populoque
314 745 518 787 Romano.
581 746 669 786 III.
706 746 857 801 ltaque
879 748 991 802 quod
1022 749 1161 803 paullo
1188 754 1289 790 ante
1320 749 1398 790 feci
1430 749 1471 790 in
1502 754 1653 790 senatu

56 811 208 852 faciam
228 812 339 867 apud
360 826 446 852 vos.
509 811 741 862 Testificor,
765 812 979 862 denuntio,
1003 818 1101 854 ante
1122 814 1318 868 praedico
1340 814 1441 855 nihil
1474 815 1538 856 M.
1562 815 1652 855 An-

55 877 218 918 tonium
253 892 397 918 eorum
430 891 535 932 quae
566 882 665 918 sunt
696 877 848 932 legatis
884 879 1083 919 mandata
1115 879 1351 926 facturum3
1387 885 1652 921 vastaturum

55 957 193 998 agros,
230 942 441 983 Mutinam
476 943 758 993 obsessurum,
794 943 983 984 delectus
1014 958 1096 998 qua
1123 944 1257 999 possit
1290 944 1543 986 habiturum.
1608 944 1652 985 Is

55 1012 121 1049 est
141 1007 251 1048 enim
272 1007 351 1057 ille,
376 1008 445 1062 qui
466 1022 631 1063 semper
651 1013 822 1050 senatus
846 1008 1051 1064 judicium
1080 1014 1123 1050 et
1149 1009 1461 1059 auctoritatem,
1486 1024 1652 1065 semper

54 1074 317 1115 voluntatem
350 1078 533 1115 vestram
566 1079 908 1130 potestatemque
938 1075 1254 1130 contempserit.
1317 1074 1388 1115 An
1419 1075 1485 1116 ille
1516 1075 1558 1116 id
1591 1077 1652 1117 fa-

55 1139 150 1188 ciat,
189 1139 301 1194 quod
332 1139 471 1195 paullo
504 1144 604 1180 ante
637 1140 854 1181 decretum
887 1144 964 1191 est,
999 1145 1048 1181 ut
1082 1140 1317 1182 exercitum
1358 1141 1464 1182 citra
1496 1141 1652 1182 flumen

55 1203 329 1254 Rubiconem,
354 1204 423 1260 qui
451 1205 546 1245 finis
568 1209 633 1246 est
656 1204 828 1256 Galliae,
853 1206 1065 1254 educeret,
1089 1206 1187 1246 dum
1219 1221 1271 1247 ne
1302 1206 1474 1261 propius
1503 1207 1652 1248 urbem

55 1269 233 1310 Romam
267 1269 335 1310 GC
363 1270 491 1310 millia
525 1270 796 1311 admoveret?
871 1270 984 1310 Huic
1023 1271 1330 1313 denuntiationi
1371 1271 1439 1312 ille
1476 1273 1651 1326 pareat?

54 1335 120 1376 ille
138 1350 182 1376 se
199 1334 323 1375 fluvio
347 1334 563 1376 Rubicone
580 1339 624 1376 et
642 1334 712 1376 OG
730 1334 913 1376 millibus
935 1335 1301 1391 circumscriptum
1323 1351 1414 1377 esse
1436 1337 1650 1392 patiatur?

55 1400 151 1441 Non
173 1400 209 1441 is
231 1405 296 1441 est
314 1400 541 1442 Antonius.
596 1400 704 1441 Nam
727 1401 761 1441 si
784 1406 908 1450 esset,
927 1415 1008 1441 non
1031 1401 1310 1443 commisisset
1331 1406 1380 1442 ut
1400 1401 1438 1443 ei
1460 1407 1646 1451 senatus,

53 1470 269 1521 tamquam
292 1466 521 1506 Hannibali
550 1465 668 1507 initio
697 1466 793 1507 belli
823 1466 986 1514 Punici,
1011 1466 1278 1508 denuntiaret
1306 1481 1357 1507 ne
1383 1473 1650 1522 oppugnaret

54 1531 306 1587 Saguntum.
360 1532 481 1583 Quod
502 1546 599 1572 vero
620 1532 679 1573 ita
699 1536 899 1573 avocatur
921 1546 946 1572 a
970 1531 1141 1573 Mutina
1162 1538 1210 1574 ut
1232 1533 1284 1573 ab
1307 1533 1410 1575 urbe
1432 1538 1649 1588 tamquam

52 1597 250 1652 pestifera
271 1597 438 1637 flamma
459 1601 666 1646 arceatur,
691 1611 815 1652 quam
844 1597 973 1638 habet
1002 1597 1284 1651 ignominiam,
1310 1599 1419 1653 quod
1445 1599 1649 1653 judicium

50 1661 253 1703 senatus!
329 1662 450 1714 Quid,
494 1662 604 1717 quod
655 1676 681 1702 a
729 1668 880 1703 senatu
931 1663 1086 1704 dantur
1135 1664 1334 1704 mandata
1383 1663 1547 1718 legatis,
1600 1669 1649 1705 ut

51 1726 105 1768 D.
129 1727 309 1768 Brutum
341 1726 577 1782 militesque
609 1727 701 1781 ejus
729 1728 885 1769 adeant
916 1728 1047 1783 iisque
1084 1728 1374 1769 demonstrent
1409 1743 1571 1770 summa
1606 1730 1648 1770 in

48 1807 138 1832 rem
159 1792 364 1847 publicam
385 1792 535 1833 merita
555 1792 839 1847 beneficiaque
861 1807 1004 1834 eorum
1024 1797 1148 1847 grata
1169 1808 1261 1834 esse
1283 1794 1448 1834 senatui
1476 1795 1648 1849 populo-

49 1873 130 1913 que
154 1858 355 1907 Romano,
380 1857 511 1912 iisque
533 1872 625 1897 eam
646 1872 733 1898 rem
756 1873 934 1914 magnae
961 1858 1073 1899 laudi
1105 1873 1341 1913 magnoque
1369 1859 1515 1900 honori
1544 1860 1645 1910 fore,

48 1937 322 1978 passurumne
363 1922 545 1964 censetis
581 1922 818 1965 Antonium
858 1923 1032 1966 introire
1077 1923 1289 1964 Mutinam
1321 1924 1499 1979 legatos,
1534 1925 1647 1966 exire

49 1987 145 2028 inde
177 1988 298 2028 tuto?
360 1987 598 2043 Numquam
638 1988 832 2043 patietur,
875 1989 976 2029 mihi
1013 1989 1184 2030 credite.
1248 1989 1356 2030 Novi
1392 1990 1645 2040 violentiam,

49 2052 145 2093 novi
181 2051 497 2106 impudentiam,
540 2052 636 2093 novi
676 2052 913 2094 audaciam.
975 2053 1065 2094 Nec
1107 2068 1203 2094 vero
1245 2054 1296 2094 de
1329 2054 1406 2099 ‚illo
1446 2054 1555 2096 sicut
1597 2056 1647 2096 de

48 2116 214 2157 homine
235 2116 373 2171 aliquo
396 2116 605 2167 debemus,
630 2117 704 2158 sed
726 2122 774 2158 ut
806 2118 858 2158 de
889 2117 1250 2172 importunissima
1282 2118 1420 2159 bellua
1442 2119 1645 2173 cogitare.

51 2183 168 2235 Quae
205 2196 330 2237 quum
367 2181 426 2221 ita
466 2181 563 2230 sint,
601 2196 686 2222 non
724 2182 892 2223 omnino
925 2183 1173 2224 dissolutum
1214 2189 1280 2224 est
1316 2184 1425 2238 qnod
1462 2184 1645 2226 decrevit

48 2253 234 2290 senatus.
296 2246 443 2287 Habet
468 2246 708 2288 atrocitatis
736 2247 891 2302 aliquid
922 2247 1108 2302 legatio:
1143 2248 1306 2289 utinam
1338 2248 1439 2288 nihil
1469 2248 1645 2292 haberet

88 2410 206 2441 qenera
223 2422 230 2430 .
250 2423 257 2430 .
275 2401 448 2431 ‚lenonum
465 2402 495 2430 et
517 2399 694 2440 latronum]
743 2399 820 2430 This
911 2399 1109 2439 Saqunlum]
1159 2399 1218 2429 See
1250 2400 1330 2430 I'hil.
1361 2410 1391 2430 v.
1422 2410 1449 2430 c.
1485 2402 1587 2431 lo.-‘
1602 2401 1645 2431 ita

46 2444 72 2474 is
89 2455 108 2474 a
122 2453 269 2474 common
296 2443 389 2473 Latin
417 2443 509 2472 form.
558 2443 589 2472 It
608 2443 632 2471 is
658 2453 677 2472 a
702 2452 767 2482 way
790 2442 825 2472 of
865 2447 1014 2472 amentiu-
1030 2465 1037 2472 .
1057 2465 1064 2472 .
1084 2465 1090 2472 .
1108 2446 1144 2472 ut
1158 2442 1177 2472 :'
1204 2447 1210 2459 ¹
1226 2443 1274 2473 his
1298 2443 1392 2482 being
1408 2444 1593 2474 summoned
1611 2448 1644 2474 to

47 2488 158 2527 saying
189 2489 332 2525 ‘gen01·a,
364 2496 463 2515 unum
494 2486 656 2521 lenonum,
687 2486 822 2515 alterum
869 2486 954 2515 leave
971 2486 1098 2515 Mutina
1120 2486 1181 2515 and
1199 2490 1251 2526 yet
1267 2486 1398 2516 ordered
1414 2490 1446 2516 to
1464 2487 1542 2527 keep
1558 2498 1644 2526 away

46 2529 228 2566 latronum‚’
251 2540 286 2559 or
313 2530 460 2559 ‘lenones
486 2532 518 2558 et
544 2528 704 2565 luti·ones‚'
723 2529 824 2558 which
869 2528 949 2558 from
969 2527 1094 2558 Rome.y
1141 2530 1200 2559 See
1216 2529 1336 2560 InCut.
1354 2531 1395 2560 iv.
1412 2540 1438 2560 c.
1465 2532 1494 2567 7,
1511 2531 1573 2561 und
1590 2531 1644 2560 the

46 2584 98 2604 are
115 2576 122 2589 ⁴
137 2573 199 2603 duo
216 2571 352 2611 genera)
866 2575 940 2601 note
957 2581 998 2601 on
1016 2575 1022 2588 ⁴
1038 2573 1082 2601 ita
1099 2594 1105 2601 .
1125 2594 1133 2601 .
1152 2595 1158 2601 .
1177 2572 1235 2602 ut.y

89 2617 252 2656 3.flumen
266 2614 476 2653 Rubiconem]
504 2614 572 2644 The
589 2614 750 2654 boundary
767 2613 820 2643 be·
898 2615 987 2653 sore,
1001 2616 1232 2655 passm-imme]
1276 2616 1384 2646 llulm.
1427 2616 1455 2646 It
1486 2616 1511 2646 is
1542 2626 1643 2646 some-

45 2662 146 2690 twcen
164 2659 218 2688 the
235 2659 381 2698 province
398 2658 432 2687 of
455 2658 556 2686 Gallia
577 2657 736 2696 Cisalpina
758 2657 819 2687 and
865 2658 957 2687 times
988 2658 1174 2697 incorrectly
1199 2659 1322 2698 printed
1362 2664 1369 2676 ⁶
1389 2659 1479 2689 fore?
1530 2660 1643 2688 Passu-

47 2703 128 2742 Italy
142 2712 183 2732 on
196 2702 250 2731 the
267 2701 436 2730 lludriatic.
464 2701 578 2730 Caesar
593 2700 630 2739 by
645 2701 784 2738 crossing
798 2701 822 2730 it
865 2700 1054 2730 rmnne.'—⁴
1069 2702 1256 2732 dissolutum
1273 2702 1292 2731 ι’
1318 2712 1369 2732 see
1396 2713 1422 2731 c.
1450 2704 1475 2735 l.
1504 2703 1564 2731 and
1589 2703 1642 2731 ilie

45 2745 180 2775 violated
208 2745 262 2774 the
287 2745 343 2773 law
360 2744 419 2773 nnd
450 2744 540 2773 made
556 2753 618 2772 war
643 2753 682 2773 on
716 2744 822 2773 Rome.
870 2748 944 2773 note
969 2754 1009 2773 on
1043 2747 1167 2774 ‘severe
1194 2767 1201 2774 .
1221 2768 1227 2775 .
1247 2768 1254 2775 .
1283 2745 1641 2775 dissolutos—⁴arx-‹wi-

45 2792 97 2811 ——‘
110 2788 238 2828 propius
272 2810 278 2817 .
298 2810 305 2816 .
325 2810 331 2816 .
356 2786 451 2816 millia
466 2786 484 2815 ι’
513 2797 548 2816 or
576 2786 702 2815 ‘miliiay
748 2786 825 2816 This
870 2787 1004 2817 citatis?
1047 2788 1060 2817 Ι
1095 2798 1232 2827 suppose
1263 2799 1308 2817 we.
1341 2799 1410 2827 mny
1444 2788 1592 2817 translato
1618 2788 1642 2816 it.

44 2831 125 2862 form
158 2832 183 2861 is
222 2830 402 2860 sometimes
438 2829 526 2865 used,
559 2829 692 2869 ‘quam’
725 2829 818 2868 being
865 2830 1041 2869 ‘severity.'
1068 2830 1224 2870 Compare
1238 2831 1274 2860 In
1287 2831 1356 2860 Cat.
1376 2832 1414 2860 iv.
1433 2841 1458 2860 c.
1476 2833 1505 2863 (ὅ,
1525 2835 1543 2846 “
1558 2835 1641 2858 :itro-

45 2874 243 2904 omittcd.—‘
258 2873 529 2912 circumscriptum
544 2871 562 2902 :'
580 2882 630 2903 sce
643 2872 697 2903 tho
711 2872 821 2910 Index,
866 2873 960 2904 citate
977 2873 1073 2904 animi
1086 2873 1118 2911 ;’'
1143 2874 1205 2904 and
1218 2874 1276 2904 Pro
1291 2874 1408 2910 Caelio,
1422 2883 1448 2903 c.
1471 2874 1496 2909 1,
1512 2873 1581 2902 vol.
1599 2873 1639 2902 iv.

45 2919 52 2934 ‘
67 2915 356 2948 circumscribere!
