1816 3211
725 183 858 226 CAP.
893 184 1016 228 7—9.
1589 189 1666 228 631

74 296 228 338 vident.
291 298 401 350 Quid
423 302 489 339 est
509 297 637 353 igitur
659 312 733 339 cur
753 297 804 339 iis
824 297 893 353 qui
915 297 970 338 D.
989 296 1166 338 Brutum
1191 297 1381 339 omnibus
1403 299 1550 354 opibus
1572 314 1668 340 con·

73 367 284 403 servatum
319 362 447 404 velint
485 363 547 404 M.
580 363 701 404 Bruti
734 363 789 404 sit
823 367 1046 417 suspectus
1079 363 1320 404 exercitus?
1381 363 1454 405 An
1486 379 1595 415 vero,
1633 366 1668 406 si

73 425 171 480 quid
206 432 318 468 esset
353 428 464 483 quod
498 443 524 469 a
558 428 621 468 M.
642 427 778 469 Bruto
813 427 1045 468 timendum
1079 426 1306 477 videretur,
1341 428 1481 469 Pansa
1509 428 1551 468 id
1584 443 1668 469 non

72 491 260 533 videret?
291 498 365 534 aut
385 493 420 534 si
441 493 613 542 videret,
632 507 715 534 non
735 492 974 533 laboraret?
1035 492 1138 544 Quis
1159 498 1234 534 aut
1255 493 1485 548 sapientior
1500 494 1554 534 ad
1571 508 1666 534 con‹

67 555 276 609 jecturam
299 573 436 598 rerum
457 559 693 599 futurarum
714 562 789 598 aut
809 557 861 598 ad
875 557 1202 612 propulsandum
1222 564 1382 599 metum
1403 558 1668 614 diligentior?

75 620 239 676 Atquin
260 622 384 676 hujus
403 623 586 662 animum
610 637 709 677 erga
728 622 792 663 M.
810 622 990 662 Brutum
1011 621 1279 677 studiumque
1302 623 1476 664 vidistis.
1539 623 1667 665 Prae-

73 686 185 741 cepit
216 686 404 728 oratione
431 701 506 727 sua
534 687 635 741 quid
657 688 880 728 decernere
917 701 994 727 nos
1027 687 1076 726 de
1112 686 1174 727 M.
1198 686 1346 737 Bruto,
1381 688 1480 742 quid
1511 688 1668 730 sentire

72 756 298 806 oporteret,
340 757 589 806 tantumque
637 751 771 792 abfuit
814 757 860 792 ut
896 751 1174 806 periculosum
1213 752 1273 792 rei
1312 753 1503 807 publicae
1545 753 1667 795 Bruti

71 821 244 872 putaret
273 817 516 867 exercitum,
540 822 588 858 ut
609 816 651 856 in
671 831 720 857 eo
741 816 1024 857 firmissimum
1049 817 1109 857 rei
1130 817 1318 872 publicae
1350 818 1602 873 praesidium
1623 823 1668 859 et

71 881 362 937 gravissimum
398 886 583 937 poneret.
647 881 817 923 Scilicet
856 882 936 922 hoc
972 882 1113 922 Pansa
1147 887 1219 922 aut
1252 896 1335 922 non
1367 882 1491 933 videt,
1526 883 1667 924 hebeti

71 947 182 987 enim
201 947 367 1002 ingenio
389 952 466 997 est,
489 951 563 987 aut
583 946 784 1002 negligit;
820 961 923 1002 quae
950 947 1059 988 enim
1089 946 1241 988 Caesar
1271 947 1371 1002 egit,
1394 962 1444 988 ea
1464 953 1557 988 rata
1577 962 1668 989 esse

71 1026 156 1052 non
186 1017 334 1060 curat3
372 1013 423 1053 de
454 1011 604 1067 quibus
639 1012 933 1053 confirmandis
969 1016 1013 1052 et
1045 1011 1279 1053 sanciendis
1315 1012 1451 1067 legem
1487 1012 1668 1053 comitiis

71 1077 318 1118 centuriatis
338 1093 390 1119 ex
410 1077 664 1118 auctoritate
692 1081 839 1118 nostra
859 1077 1022 1117 laturus
1044 1081 1122 1119 est.
1186 1077 1273 1117 IX.
1309 1076 1517 1119 Desinant
1539 1077 1668 1132 igitur

71 1148 146 1184 aut
167 1143 194 1183 ii
214 1143 283 1197 qui
305 1157 388 1183 non
409 1142 561 1184 timent
593 1142 787 1183 simulare
808 1157 852 1183 se
874 1142 1022 1183 timere
1046 1146 1090 1183 et
1120 1141 1360 1197 prospicere
1382 1141 1441 1183 rei
1462 1142 1667 1197 publicae,

70 1213 146 1249 aut
166 1208 194 1248 ii
216 1208 286 1262 qui
308 1207 445 1249 onmia
465 1212 660 1248 verentur
680 1206 850 1247 nimium
881 1221 973 1248 esse
1003 1207 1150 1257 timidi,
1174 1221 1225 1248 ne
1248 1207 1412 1247 illorum
1442 1206 1666 1259 simulatio,

70 1273 220 1314 horum
241 1273 352 1314 obsit
374 1272 550 1328 ignavia.
613 1272 740 1324 Quae,
765 1272 930 1321 malum,
954 1276 1018 1313 est
1038 1271 1121 1313 ista
1148 1271 1270 1321 ratio,
1303 1286 1468 1326 semper
1501 1272 1669 1327 optimis

72 1338 230 1379 caussis
249 1344 541 1379 veteranorum
560 1352 712 1378 nomen
734 1338 972 1392 opponere?
1003 1351 1180 1392 quorum
1203 1337 1369 1378 etiamsi
1390 1337 1668 1392 amplecterer

72 1403 279 1454 virtutem,
303 1408 351 1444 ut
386 1403 503 1453 facio,
539 1408 693 1453 tamen,
718 1402 752 1443 si
775 1406 917 1443 essent
946 1407 1208 1457 arrogantes,
1244 1417 1327 1443 non
1362 1417 1530 1457 possem
1561 1402 1668 1443 ferre

71 1467 298 1510 fastidium.
360 1468 424 1509 At
453 1482 530 1508 nos
561 1472 764 1508 conantes
794 1467 1009 1508 servitutis
1030 1467 1194 1508 vincula
1231 1482 1424 1522 rumpere
1457 1466 1668 1522 impediet,

70 1533 105 1574 si
127 1533 219 1588 quis
240 1537 459 1574 veteranos
480 1533 522 1573 id
548 1532 656 1573 nolle
693 1531 857 1572 dixerit.
922 1532 1017 1572 Non
1047 1537 1147 1572 sunt
1176 1531 1298 1582 euim,
1324 1532 1460 1581 credo,
1484 1532 1669 1573 innume-

71 1598 222 1639 rabiles
243 1598 309 1653 qui
331 1613 406 1653 pro
429 1597 637 1639 communi
668 1597 863 1638 libertate
893 1611 1011 1637 arma
1039 1596 1209 1651 capiant
1229 1613 1239 1644 ;
1274 1611 1394 1637 nemo
1416 1601 1481 1637 est
1502 1601 1669 1652 praeter

71 1668 291 1705 veteranos
323 1663 477 1704 milites
513 1663 581 1718 qui
603 1663 657 1703 ad
680 1662 927 1703 servitutem
959 1662 1281 1716 propulsandam
1315 1661 1496 1716 ingenuo
1529 1661 1669 1702 dolore

73 1728 294 1770 excitetur.
357 1728 512 1769 Potest
550 1727 679 1783 igitur
719 1731 831 1767 stare
872 1740 940 1767 res
979 1726 1144 1781 publica
1185 1726 1292 1768 freta
1333 1726 1542 1767 veteranis
1582 1726 1670 1767 sine

72 1808 224 1848 magno
260 1793 445 1834 subsidio
471 1791 735 1847 juventutis?
765 1805 870 1847 quos
906 1791 1072 1846 quidem
1103 1805 1177 1831 vos
1212 1790 1420 1832 libertatis
1453 1792 1670 1845 adjutores

73 1857 293 1913 complecti
314 1857 489 1908 debetis,
508 1856 725 1899 servitutis
745 1862 941 1898 auctores
957 1855 1073 1911 sequi
1095 1870 1178 1896 non
1201 1855 1379 1897 debetis.
1429 1856 1667 1905 Postremo,

74 1927 264 1978 erumpat
283 1922 392 1964 enim
412 1923 634 1978 aliquando
654 1937 752 1964 vera
772 1928 816 1964 et
835 1937 902 1963 me
922 1921 1050 1977 digna
1072 1936 1164 1971 VOX,
1188 1921 1223 1962 si
1244 1926 1537 1962 veteranorum
1565 1926 1669 1962 nutu

74 1993 236 2029 mentes
267 1988 391 2041 hujus
419 1988 574 2028 ordinis
608 1989 906 2042 gubernantur,
931 1986 1151 2041 omniaque
1173 1987 1226 2026 ad
1247 2000 1391 2027 eorum
1412 1986 1669 2026 voluntatem

74 2059 220 2096 nostra
260 2053 386 2102 dicta,
427 2052 538 2093 facta
578 2052 828 2100 referuntur,
870 2052 1055 2106 optanda
1093 2066 1208 2091 mors
1248 2055 1326 2101 est,
1364 2065 1470 2105 quac
1512 2050 1670 2091 civibus

76 2118 279 2161 Romanis
299 2132 461 2172 semper
481 2117 562 2158 fuit
582 2117 783 2158 servitute
804 2116 956 2172 potior.
1020 2115 1167 2156 Omnis
1188 2120 1255 2156 est
1282 2115 1434 2155 misera
1461 2115 1664 2163 servitus;

75 2185 150 2226 sed
170 2183 295 2224 fuerit
309 2182 512 2237 quaedam
534 2181 789 2222 necessaria:
825 2179 1082 2235 ecquodnam
1104 2178 1351 2234 principium
1370 2178 1530 2233 putatis
1546 2178 1668 2219 libcr-

76 2249 178 2291 tatis
210 2247 513 2303 capessendae?
543 2260 609 2294 an,
639 2260 764 2300 quum
798 2245 915 2285 illum
949 2243 1230 2285 necessarium
1263 2248 1305 2284 et
1339 2241 1507 2284 fatalem
1539 2257 1669 2298 paone

77 2328 220 2356 casum
260 2327 343 2354 non
382 2311 612 2361 tulerimus,
654 2310 765 2350 hunc
806 2309 986 2350 feremus
1022 2308 1331 2349 voluntarium?
1392 2307 1503 2349 Tota
1546 2307 1670 2349 Italia

77 2376 281 2420 desiderio
320 2376 528 2417 libertatis
567 2374 753 2421 exarsit3
801 2373 955 2414 servire
991 2372 1150 2414 diutius
1185 2387 1268 2413 non
1308 2376 1452 2427 potest
1493 2372 1664 2420 civitas;

77 2443 210 2485 serius
231 2441 382 2497 populo
406 2442 594 2482 Romano
622 2440 732 2480 huuc
753 2438 951 2480 vestitum
977 2443 1104 2493 atque
1124 2452 1239 2479 arma
1261 2438 1450 2479 dedimus
1472 2452 1595 2493 quam
1616 2437 1669 2479 ab

79 2523 128 2550 co
149 2506 330 2561 flagitati
351 2520 508 2546 sumus.

122 2618 264 2658 Atquin]
302 2618 350 2654 V;
386 2616 514 2657 ‘atqui’
546 2627 565 2647 a
601 2617 622 2647 b
656 2628 685 2656 g.
742 2617 851 2647 “Non
896 2617 1040 2656 rogation
1061 2616 1169 2657 placed
1192 2619 1225 2647 at
1240 2616 1296 2647 the
1311 2616 1372 2646 end
1390 2615 1426 2646 of
1445 2615 1500 2645 tho
1523 2617 1671 2645 sentence

80 2665 129 2692 est
144 2666 249 2692 autem
266 2661 398 2690 dubium
422 2660 499 2699 quin
521 2660 614 2699 prisci
631 2660 674 2689 illi
691 2662 723 2690 ct
740 2662 852 2699 atquin
897 2663 983 2690 must
1017 2660 1056 2690 be
1094 2659 1253 2695 removed.
1279 2659 1336 2689 but
1370 2659 1465 2688 Halm
1505 2658 1601 2696 keeps
1635 2657 1670 2685 it.

80 2709 114 2734 et
136 2705 279 2743 alioquin
299 2703 353 2733 ubi
374 2703 489 2733 vocalis
509 2702 699 2742 sequebatur
720 2702 854 2733 scribere
898 2706 905 2720 ‘
920 2703 994 2733 Non
1026 2706 1100 2733 sunt
1131 2703 1226 2737 enim.
1252 2701 1367 2737 credo,’
1395 2702 1422 2731 is
1446 2701 1500 2730 the
1526 2699 1671 2730 snrcastic

82 2747 166 2778 soliti
182 2745 315 2776 cssent”
335 2744 525 2785 (Muretus).
897 2755 1018 2776 answcr
1033 2749 1066 2776 to
1082 2746 1138 2776 the
1154 2745 1310 2785 supposed
1329 2744 1499 2783 objection.

126 2799 206 2829 quae
233 2791 315 2819 enim
344 2789 461 2819 Caesar
485 2809 493 2817 .
519 2810 526 2818 .
552 2810 560 2818 .
584 2787 693 2827 curat]
744 2788 796 2818 lle
826 2788 853 2818 is
941 2789 1096 2828 quaedam
1127 2788 1322 2827 necessaria]
1381 2786 1491 2817 Under
1528 2782 1671 2814 Caesnr's

81 2832 235 2872 speaking
249 2831 422 2870 ironically.
896 2831 1244 2871 usurpation.—‘hunc
1281 2830 1432 2861 vestitum
1445 2828 1464 2857 ι’
1509 2827 1563 2857 the
1600 2829 1672 2855 ‘su-

126 2877 157 2906 9.
180 2875 227 2905 At
254 2874 326 2913 nos]
364 2873 406 2903 V¹
439 2873 480 2910 D,
514 2873 620 2903 l-lalm.
675 2872 748 2903 ‘An
776 2872 851 2903 nos'
897 2873 996 2914 gum!

83 2917 138 2947 V2.
186 2916 218 2947 If
241 2927 287 2947 we
310 2916 384 2947 take
411 2915 496 2952 ‘At,’
522 2915 577 2946 the
603 2918 677 2946 note
701 2915 737 2946 of
756 2916 854 2946 inter-
