1816 3211
52 19 106 51 ,a
125 10 301 87 fssm
321 0 458 40 »ζωή
490 0 655 36 522le

689 13 803 47 dar-1217(
827 0 1031 61 ffffasffl
1063 0 1133 34 fab
1168 0 1259 41 nav}

756 68 786 95 ἃ

758 207 890 250 CAP.
923 209 989 259 35,
1015 209 1083 250 36.
1634 209 1715 253 373

123 339 266 366 omnes
304 339 330 366 a
368 324 472 365 meis
511 322 688 365 inimicis
727 323 841 364 faces
875 337 994 364 meae
1030 321 1209 362 invidiae
1247 320 1536 376 subjiciantur,
1572 325 1715 363 tamen

123 390 235 431 omni
256 390 298 430 in
319 390 531 431 hominum
554 393 677 430 coetu
708 388 857 444 gratiis
877 387 1052 444 agendis
1074 392 1117 428 et
1138 386 1493 441 gratulationibus
1515 386 1716 427 habendis

123 461 167 497 et
200 455 311 496 omni
346 470 535 496 sermone
576 453 1072 495 celebramur.—Omitto
1107 452 1306 493 Etruriae
1347 452 1479 492 festos
1514 457 1558 493 et
1593 457 1715 492 actos

123 526 167 562 et
188 520 408 561 institutos
439 520 549 560 dies:
585 519 814 560 centesima
835 519 907 559 lux
928 523 995 559 est
1023 518 1127 558 haec
1149 518 1202 557 ab
1234 516 1407 557 interitu
1435 516 1485 557 P.
1509 516 1644 557 Clodii
1672 523 1716 558 et

122 586 270 641 opinor
291 586 446 626 altera:
483 600 563 640 qua
585 585 688 625 fines
710 584 872 639 imperii
904 583 1045 639 populi
1069 581 1250 622 Romani
1272 587 1382 630 sunt,
1408 596 1457 621 ea
1478 597 1560 621 non
1582 583 1717 622 solum

121 653 232 692 fama
259 651 348 705 jam
375 651 426 691 de
458 651 538 701 illo,
563 651 638 691 sed
671 650 800 690 etiam
827 649 987 690 laetitia
1020 647 1273 703 peragravit.
1338 647 1619 697 Quamobrem
1646 647 1748 698 ubi„

121 731 272 772 corpus
307 716 386 756 hoc
419 715 486 763 sit,
521 730 617 764 non,
656 714 802 769 inquit,
841 715 996 763 laboro,
1036 699 1231 767 qudniam
1273 711 1466 752 omnibus
1507 711 1548 752 in
1589 712 1714 753 terris

122 786 166 823 et·
182 782 269 836 jam
290 785 480 821 versatur
501 785 545 821 et
566 794 728 834 semper
750 778 956 819 habitabit
978 777 1156 818 nominis
1177 776 1259 817 mei
1281 776 1428 831 gloria.

181 845 420 886 XXXVI.
454 845 575 886 Haec
606 849 655 885 tu
688 859 852 884 mecum
891 858 1014 898 saepe
1054 842 1119 883 his
1152 841 1410 889 absentibus,
1453 841 1529 881 sed
1570 841 1717 881 iisdem

122 911 389 952 audientibus
421 910 525 951 haec
553 924 631 965 ego
659 914 812 958 tecum,
840 907 1082 948 Milo—Te
1113 906 1279 962 quidem
1307 921 1433 961 quum
1466 906 1548 946 isto
1579 907 1718 947 animo

124 991 170 1017 es
195 976 298 1017 satis
322 975 492 1016 laudare
521 990 603 1016 non
631 989 814 1030 possum,
838 974 912 1014 sed
944 987 1024 1027 quo
1057 978 1122 1013 est
1152 971 1221 1012 illa
1244 971 1380 1026 magis
1409 970 1547 1011 divina
1568 971 1715 1020 virtus,

123 1056 173 1082 eo
194 1042 352 1096 majore
373 1056 398 1081 a
425 1048 468 1082 te
498 1041 640 1081 dolore
669 1039 851 1080 divellor.
915 1038 1004 1078 Nec
1025 1052 1134 1088 vero,
1158 1037 1192 1077 si
1220 1037 1321 1077 mihi
1351 1036 1535 1091 eriperis,
1560 1036 1718 1091 reliqua

124 1112 191 1149 est
222 1107 292 1148 illa
323 1111 464 1147 tamen
504 1106 558 1146 ad
593 1104 892 1146 consolandum
933 1103 1113 1158 querela,
1148 1107 1196 1143 ut
1236 1102 1301 1142 his
1340 1101 1461 1142 irasci
1498 1101 1653 1156 possim
1694 1116 1720 1141 a

124 1172 272 1227 quibus
304 1176 472 1213 tantum
505 1171 652 1211 vulnus
685 1183 898 1224 accepero.
961 1167 1056 1208 Non
1090 1167 1200 1208 enim
1236 1166 1394 1207 inimici
1427 1166 1509 1207 mei
1542 1172 1585 1207 te
1617 1166 1718 1207 mihi

124 1237 312 1291 eripient,
346 1236 420 1277 sed
454 1235 705 1284 amicissimi,
741 1249 825 1275 non
864 1233 970 1274 male
1011 1233 1233 1287 aliquando
1275 1232 1325 1272 de
1357 1246 1423 1272 me
1455 1231 1606 1281 meriti,
1644 1232 1719 1272 sed

125 1316 288 1357 semper
318 1300 718 1356 optime.—Nullam
749 1313 959 1354 umquam,
988 1298 1165 1352 judices,
1193 1297 1295 1337 mihi
1330 1302 1498 1338 tantum
1535 1297 1718 1337 dolorem

125 1366 455 1414 inuretis,——etsi
496 1365 589 1421 quis
628 1370 772 1420 potest
812 1378 903 1404 esse
943 1368 1088 1404 tantus
1104 1362 1252 1404 3—sed
1303 1377 1355 1403 ne
1396 1362 1507 1402 hunc
1548 1361 1718 1416 quidem

126 1431 274 1487 ipsum,
310 1436 358 1471 ut
393 1430 610 1486 obliviscar
651 1429 795 1484 quanti
836 1443 901 1468 me
941 1442 1106 1482 semper
1146 1427 1343 1468 feceritis.
1419 1427 1534 1479 Quae
1575 1426 1609 1467 si
1645 1441 1719 1467 vos

127 1497 240 1552 cepit
261 1496 422 1544 oblivio,
446 1487 575 1536 aut'si
597 1495 638 1534 in
661 1509 725 1534 me
746 1493 898 1548 aliquid
929 1492 1174 1539 offendistis,
1198 1506 1271 1532 cur
1292 1506 1374 1531 non
1405 1491 1446 1531 id
1468 1505 1560 1531 meo
1582 1491 1720 1546 capite

125 1562 267 1617 potius
299 1561 430 1601 luitur
461 1574 586 1615 quam
617 1558 819 1599 Milonis?
859 1557 1069 1612 praeclare
1105 1557 1215 1597 enim
1243 1557 1395 1602 vixero,
1422 1557 1456 1597 si
1486 1557 1584 1612 quid
1619 1557 1720 1597 mihi

125 1625 328 1668 acciderit
367 1625 480 1680 prius
521 1639 646 1680 quam
686 1624 765 1664 hoc
804 1628 972 1664 tantum
1011 1622 1108 1662 mali
1149 1622 1305 1662 videro.
1368 1621 1489 1662 Nunc
1531 1637 1597 1662 me
1637 1635 1722 1662 una

127 1690 361 1733 consolatio
396 1694 622 1739 sustentat,
657 1688 768 1744 quod
809 1687 897 1736 tibi,
935 1686 985 1726 T.
1020 1686 1148 1733 Anni,
1183 1685 1342 1726 nullum
1382 1700 1406 1726 a
1446 1701 1512 1726 me
1552 1686 1719 1735 amoris,

125 1757 282 1798 nullum
321 1755 461 1805 studii,
505 1755 662 1795 nullum
702 1753 874 1809 pietatis
914 1753 1095 1794 officium
1136 1752 1282 1793 defuit.
1351 1752 1444 1806 Ego
1486 1752 1723 1794 inimicitias

125 1821 362 1878 potentium
382 1836 458 1876 pro
480 1825 524 1862 te
545 1819 752 1875 appetivi:
787 1833 864 1873 ego
885 1832 1024 1858 meum
1055 1832 1180 1873 saepe
1202 1831 1353 1872 corpus
1374 1823 1418 1858 et
1439 1817 1568 1858 vitam
1590 1818 1723 1871 objeci

125 1888 252 1929 armis
291 1886 554 1927 inimicorum
594 1891 787 1926 tuorum:
837 1897 917 1938 ego
957 1897 1024 1924 me
1063 1882 1251 1938 plurimis
1292 1897 1366 1937 pro
1407 1887 1450 1923 te
1493 1883 1724 1937 supplicem

126 1952 285 2007 objeci:
319 1952 441 2001 bona,
460 1951 650 1992 fortunas
671 1963 786 1990 meas
806 1963 854 1990 ac
874 1948 1100 1990 liberorum
1120 1962 1307 1988 meorum
1329 1947 1370 1988 in
1393 1948 1726 1989 communionem

127 2023 296 2059 tuorum
329 2021 565 2070 temporum
597 2015 777 2056 contuli:
823 2014 904 2055 hoc
938 2012 1116 2067 denique
1147 2013 1237 2068 ipso
1266 2012 1345 2062 die,
1377 2012 1412 2053 si
1449 2027 1531 2067 qua
1563 2013 1623 2053 vis
1659 2019 1726 2055 est

129 2087 288 2137 parata,
312 2081 346 2121 si
369 2094 451 2135 qua
472 2079 684 2121 dimicatio
706 2079 855 2134 capitis
876 2079 1030 2126 futura,
1055 2078 1252 2133 deposco.
1316 2077 1426 2129 Quid
1453 2078 1543 2132 jam
1565 2080 1725 2120 restat?

129 2147 228 2202 quid
269 2146 429 2187 habeo?
471 2144 570 2199 quid
610 2144 762 2185 faciam
802 2158 877 2198 pro
914 2143 999 2184 tuis
1039 2142 1080 2182 in
1112 2158 1179 2184 me
1214 2142 1389 2192 meritis,
1424 2142 1503 2182 nisi
1544 2148 1593 2184 ut
1633 2157 1725 2183 eam

129 2213 353 2260 fortunam,
377 2223 662 2265 quaecumque
687 2209 767 2249 erit
801 2213 888 2258 tua,
922 2208 1071 2249 ducam
1099 2209 1263 2249 meam?
1325 2207 1419 2248 Non
1448 2222 1607 2256 recuso,
1641 2222 1725 2249 non

130 2277 294 2336 abnum
333 2289 487 2329 vosque
519 2274 706 2322 obsecro,
736 2273 912 2327 judices,
946 2278 995 2314 ut
1025 2278 1164 2314 vestra
1194 2273 1410 2321 beneficia,
1443 2287 1548 2328 quae
1587 2273 1627 2312 in
1658 2288 1725 2314 me

132 2340 382 2389 contulistis,
425 2344 498 2380 aut
537 2339 578 2379 in
619 2338 742 2392 hujus
782 2338 917 2380 salute
956 2338 1149 2394 augeatis
1184 2344 1257 2380 aut
1292 2339 1333 2379 in
1366 2339 1555 2393 ejusdem
1596 2338 1725 2379 exitio

133 2420 333 2448 occasura
354 2419 445 2446 esse
466 2404 653 2445 videatis.

136 2517 144 2532 ⁴
156 2517 242 2544 actos
259 2516 290 2543 et
306 2511 467 2542 institutos
481 2510 500 2540 ε’
523 2512 532 2527 ‘
547 2510 722 2540 celebrated
737 2510 799 2540 and
815 2510 905 2540 insti-

132 2556 223 2587 tuted
240 2556 288 2586 for
303 2565 341 2585 an
358 2554 473 2584 annual
489 2553 678 2593 solemnity.’

177 2600 346 2630 conlesima
363 2599 421 2627 lua·
438 2619 445 2626 .
464 2619 471 2626 .
490 2618 498 2626 .
515 2599 544 2626 et
562 2618 569 2626 .
585 2618 591 2625 .
606 2618 613 2625 .
630 2596 749 2635 altera]
778 2596 836 2626 See
852 2596 906 2626 the

135 2641 366 2675 Introduction,
387 2650 417 2679 p.
446 2641 518 2673 323,
544 2639 605 2669 and
630 2639 684 2669 the
707 2642 792 2669 note.
837 2639 906 2669 The

133 2686 216 2716 word
242 2683 392 2723 ‘opinor'
418 2692 579 2721 expresses
602 2691 643 2711 no
666 2681 776 2712 doubt.
825 2682 856 2713 lt
879 2683 905 2712 is

133 2730 186 2760 the
202 2728 291 2758 usual
308 2725 499 2766 expression.

177 2774 228 2803 36.
254 2772 310 2800 illa
339 2769 460 2805 lamen]

135 2815 202 2845 ‘his
216 2813 235 2844 :'
254 2814 312 2850 1⁴3.;
337 2813 391 2842 ‘iis
405 2811 411 2823 ¹
428 2811 486 2846 '1‘.;
512 2813 519 2827 ‘
533 2811 576 2839 eis
592 2808 600 2822 '
618 2810 648 2839 S.
666 2809 727 2839 und
744 2810 905 2840 Baiter.—

134 2860 235 2898 ‘quae
252 2878 364 2887 .....
382 2853 529 2884 oblivio?
564 2852 609 2882 *if
630 2852 849 2891 sorgetsulness
874 2853 909 2883 of

133 2901 224 2931 these
253 2900 360 2939 things
390 2898 446 2927 has
476 2906 564 2926 come
595 2905 634 2925 on
666 2895 750 2935 you)
810 2896 905 2926 Halm

133 2953 294 2984 compares
312 2946 318 2959 ‘
333 2952 394 2983 qua
410 2938 547 2975 invidia,'
565 2949 591 2969 c.
608 2940 660 2974 27,
677 2938 778 2968 which
798 2948 906 2969 means

510 2767 582 2797 ‘illa
605 2767 736 2797 saltem'
764 2767 800 2798 C.
829 2766 904 2797 S.—

952 2512 959 2527 ⁴
972 2510 1062 2549 cujus
1078 2510 1124 2540 rei
1139 2509 1280 2540 invidia!

993 2563 1096 2583 meum
1112 2554 1220 2593 saepe]
1270 2553 1285 2583 1
1303 2553 1395 2583 know
1411 2554 1546 2592 nothing
1561 2553 1598 2583 of
1615 2552 1724 2583 Cicero

950 2596 1066 2635 having
1089 2596 1226 2636 exposed
1252 2597 1300 2626 his
1322 2597 1373 2626 life
1398 2597 1446 2626 for
1469 2596 1559 2626 Milo.
1608 2596 1637 2625 lt
1655 2605 1725 2634 may

951 2639 1095 2669 however
1119 2641 1156 2669 be
1177 2649 1210 2669 as
1227 2643 1297 2669 true
1312 2649 1346 2669 as
1362 2640 1454 2670 other
1469 2640 1576 2677 things
1592 2639 1660 2668 that
1687 2637 1725 2666 he

950 2687 1085 2721 says—³
1099 2682 1175 2722 quid
1191 2682 1292 2712 habeo
1309 2683 1392 2722 quod
1410 2683 1519 2712 facium
1536 2682 1555 2711 ε’
1583 2682 1696 2710 Baiter.

993 2725 1174 2765 dirnicalio]
1225 2725 1429 2755 ‘diminutio'
1450 2725 1497 2758 E..
1514 2725 1573 2754 and
1592 2725 1621 2752 in
1640 2731 1726 2751 some

949 2767 1150 2798 editions.—‘
1163 2768 1275 2798 ducam
1302 2779 1403 2798 meam
1416 2768 1435 2797 ι’
1460 2769 1499 2797 lu·
1517 2766 1615 2802 might
1639 2765 1724 2792 write

949 2811 1024 2841 this.
1072 2811 1123 2841 lle
1136 2811 1238 2841 would
1254 2811 1363 2850 hardly
1380 2812 1458 2840 have
1475 2810 1527 2838 the
1544 2809 1608 2837 fact·
1621 2812 1654 2835 to
1670 2816 1722 2844 sny

949 2854 984 2884 it.
1029 2854 1099 2884 The
1116 2854 1268 2894 Epilogus
1283 2854 1319 2883 of
1335 2855 1389 2883 the
1405 2853 1526 2882 oration
1547 2851 1604 2879 Pro
1621 2848 1723 2877 Sestio

950 2907 1021 2937 may
1038 2897 1077 2927 be
1092 2897 1258 2936 compared
1274 2897 1348 2927 with
1365 2896 1437 2926 this.
