1816 3211
715 184 851 227 GAP.
880 184 1002 229 7—9.
1583 184 1664 225 665

67 298 202 346 dixit;
237 298 271 339 si
304 298 413 339 enim
445 299 497 340 de
529 298 616 340 suis
649 298 838 347 dixisset,
860 312 913 339 ne
935 297 1133 353 Aquilam
1164 296 1328 352 quidem
1363 296 1500 352 ipsum
1534 296 1665 337 credi-

65 369 209 405 turum
229 363 405 418 putavit.
469 363 565 404 Non
599 363 746 413 ferent,
781 362 961 417 inquam,
998 362 1106 403 oculi
1140 362 1306 410 Saxam,
1340 361 1551 410 Cafonem,
1584 375 1667 400 non

68 428 150 468 duo
172 433 401 483 praetores,
431 443 514 468 non
545 428 760 468 tribunum
790 427 935 482 plebis,
959 442 1043 468 non
1074 428 1156 468 duo
1188 426 1431 481 designatos
1461 425 1665 473 tribunos,

67 507 150 533 non
173 492 376 542 Bestiam,
394 507 477 532 non
495 492 758 541 Trebellium,
775 507 859 533 non
874 492 924 532 T.
941 492 1157 532 Plancum.
1221 491 1316 532 Non
1337 505 1506 545 possum
1528 490 1667 530 animo

68 571 202 611 aequo
224 557 364 597 videre
385 561 455 598 tot
475 562 562 598 tam
585 557 859 612 importunos,
883 561 971 597 tam
997 557 1225 598 sceleratos
1255 556 1425 603 hostes3
1459 570 1535 596 nec
1558 555 1599 595 id
1620 554 1670 595 fit.

67 621 237 662 fastidio
262 636 367 670 meo,
392 621 465 661 sed
487 621 664 662 caritate
694 622 753 662 rei
785 621 986 676 publicae.
1049 621 1132 662 Sed
1154 621 1316 662 vincam
1336 621 1531 670 animum,
1550 620 1669 661 mihi-

67 700 148 740 que
195 685 432 739 imperabo:
481 685 666 726 dolorem
698 686 989 739 justissimum,
1038 686 1073 727 si
1113 701 1196 726 non
1237 691 1414 740 potuero
1460 685 1666 740 frangere,

69 749 307 790 occultabo.
371 748 493 800 Quid,
531 749 640 789 vitae
681 750 928 799 censetisne,
972 755 1115 804 patres
1155 750 1393 804 conscripti,
1434 750 1670 791 habendam

68 813 169 854 mihi
204 812 387 867 aliquam
418 827 509 853 esse
540 813 772 853 rationem?
802 827 908 867 quae
938 814 1040 853 mihi
1074 813 1240 868 quidem
1269 814 1437 854 minime
1468 829 1564 855 cara
1589 819 1668 863 est,

68 877 316 933 praesertim
336 892 462 932 quum
484 877 705 918 Dolabella
725 878 872 919 fecerit
892 883 940 921 ut
961 880 1147 933 optanda
1167 893 1280 919 mors
1302 884 1425 929 esset,
1442 880 1565 920 modo
1581 880 1670 920 sine

71 942 261 984 cruciatu
295 947 423 997 atque
462 942 710 991 tormentis3
756 943 874 984 vobis
911 947 1054 984 tamen
1081 949 1131 984 et
1164 943 1317 998 populo
1354 943 1544 984 Romano
1579 944 1671 985 vilis

71 1007 243 1062 spiritus
266 1022 385 1047 meus
406 1021 499 1048 esse
519 1022 603 1048 non
625 1008 762 1049 debet.
827 1007 870 1048 Is
892 1008 1002 1048 enim
1023 1022 1127 1058 sum,
1151 1008 1230 1048 nisi
1251 1023 1317 1049 me
1338 1009 1447 1050 forte
1468 1009 1577 1059 fallo,
1601 1009 1671 1064 qui

70 1072 235 1126 vigiliis,
259 1072 381 1121 curis,
404 1072 640 1123 sententiis,
673 1072 867 1126 periculis
895 1072 1036 1122 etiam,
1061 1087 1167 1127 quae
1197 1073 1374 1128 plurima
1398 1074 1479 1114 adii
1499 1080 1672 1129 propter

72 1136 390 1177 acerbissimum
422 1136 606 1177 omnium
636 1137 678 1177 in
708 1151 775 1178 me
803 1137 942 1178 odium
973 1138 1205 1192 impiorum,
1238 1138 1482 1193 perfecerim
1514 1146 1562 1180 ut
1588 1155 1672 1180 non

74 1201 286 1241 obstarem
316 1201 375 1242 rei
406 1201 610 1256 publicae,
643 1216 695 1242 ne
727 1201 825 1256 quid
860 1203 1128 1256 arrogantius
1159 1202 1303 1243 videar
1337 1203 1487 1245 dicere.
1550 1205 1672 1256 Quod

74 1280 203 1320 quum
230 1265 292 1306 ita
326 1265 394 1315 sit,
432 1265 586 1306 nihilne
617 1265 718 1306 mihi
751 1266 803 1306 de
835 1266 1016 1320 periculo
1049 1281 1142 1308 meo
1175 1267 1444 1322 cogitandum
1480 1270 1674 1324 putatis?

77 1329 165 1371 IX.
199 1329 283 1370 Hic
305 1345 432 1385 quum
462 1344 596 1371 essem
618 1331 659 1370 in
680 1331 782 1370 urbe
802 1345 851 1371 ac
872 1331 995 1380 domi,
1025 1336 1167 1372 tamen
1198 1333 1331 1373 multa
1354 1347 1479 1388 saepe
1506 1339 1673 1376 tentata.

74 1400 187 1444 sunt,
225 1395 296 1435 ubi
328 1410 394 1436 nie
427 1410 510 1436 non
535 1396 667 1436 solum
703 1395 931 1436 amicorum
962 1396 1155 1445 fidelitas,
1193 1398 1266 1437 sed
1297 1397 1424 1439 etiam
1454 1399 1672 1441 universae

76 1461 259 1502 civitatis
290 1460 398 1501 oculi
425 1460 683 1502 custodiunt.
747 1461 857 1513 Quid
878 1461 1071 1510 censetis,
1096 1476 1223 1516 quum
1251 1462 1331 1503 iter
1356 1463 1569 1518 ingressus
1602 1479 1673 1505 ero

75 1524 246 1580 longum
281 1525 540 1580 praesertim,
593 1524 779 1565 nullasne
820 1524 991 1566 insidias
1026 1526 1383 1568 extimescendas?
1444 1528 1548 1569 Tres
1584 1529 1674 1569 viae

77 1595 176 1630 sunt
196 1590 250 1629 ad
274 1589 499 1638 Mutinam,
529 1603 610 1643 quo
633 1589 807 1630 festinat
836 1589 998 1630 animus
1019 1595 1067 1631 ut
1092 1605 1214 1645 quam
1245 1591 1425 1646 primum
1455 1592 1553 1634 illud
1585 1594 1676 1649 pig-

76 1669 156 1695 nus
187 1654 395 1694 libertatis
428 1653 568 1708 populi
591 1653 772 1694 Romani
795 1653 848 1694 D.
871 1654 1053 1695 Brutum
1081 1655 1266 1710 aspicere
1301 1657 1469 1710 possim,
1494 1659 1613 1712 cujus
1633 1659 1676 1699 in

78 1720 296 1775 complexu
329 1719 507 1760 libenter
538 1723 774 1759 extremum
803 1719 915 1760 vitae
937 1720 1131 1774 spiritum
1153 1720 1363 1768 ediderim,
1386 1737 1512 1777 quum
1534 1737 1676 1764 omnes

78 1784 268 1826 actiones
303 1784 451 1825 horum
482 1782 699 1832 mensium,
734 1798 878 1824 omnes
913 1784 1145 1825 sententiae
1176 1799 1291 1825 meae
1327 1786 1592 1840 pervenerint
1623 1787 1677 1827 ad

79 1863 175 1890 eum
196 1848 267 1904 qui
287 1848 387 1888 mihi
417 1848 496 1888 fuit
526 1848 766 1902 propositus
799 1848 972 1890 exitum.
1035 1848 1139 1889 Tres
1166 1864 1279 1905 ergo,
1303 1856 1351 1891 ut
1379 1851 1477 1900 dixi,
1501 1851 1619 1892 viae:
1652 1866 1678 1892 a

80 1927 231 1967 supero
266 1912 370 1952 mari
400 1912 636 1959 Flaminia;
671 1913 724 1953 ab
757 1912 890 1954 infero
920 1913 1117 1960 Aurelia3
1151 1914 1288 1955 media
1321 1915 1477 1956 Cassia.
1541 1916 1676 1967 Nunc,

82 1990 251 2031 quaeso,
283 1976 503 2024 attendite,
535 1991 634 2016 num
661 1977 829 2018 aberret
850 1992 875 2018 a
895 1978 1137 2031 conjectura
1167 1979 1348 2034 suspicio
1379 1981 1552 2034 periculi
1583 1982 1680 2022 mei.

84 2040 299 2082 Etruriam
331 2040 592 2081 discriminat
625 2040 785 2082 Cassia.
848 2041 1065 2082 Scimusne
1100 2043 1241 2097 igitur,
1273 2044 1425 2093 Pansa,
1455 2046 1607 2100 quibus
1637 2047 1679 2086 in

81 2105 184 2148 locis
204 2118 313 2145 nunc
334 2104 390 2146 sit
414 2103 616 2145 Lentonis
638 2104 856 2146 Caesennii
877 2106 1179 2161 septemviralis
1207 2108 1466 2150 auctoritas?
1528 2110 1679 2151 Nobis-

85 2216 163 2247 senii
189 2216 260 2246 Ind.
290 2216 423 2255 Inscrip.
452 2215 555 2255 Neap.
585 2226 614 2255 p.
643 2217 705 2252 477
730 2219 762 2246 et
789 2217 860 2247 Car.

86 2259 108 2288 q
129 2259 148 2288 h
194 2259 222 2288 'd
357 2259 377 2288 d
404 2259 429 2289 C
522 2259 548 2288 B
589 2258 616 2289 G
640 2259 659 2288 n
695 2259 700 2264 ¹
790 2261 850 2290 18)
905 2217 942 2246 of
960 2217 1014 2247 the
1030 2218 1119 2248 three
1142 2219 1243 2248 roads.
1289 2219 1358 2249 The
1385 2220 1537 2250 Flaminia
1563 2231 1618 2251 ran
1646 2225 1679 2252 to

87 2269 126 2289 rc
152 2269 201 2289 nei
225 2269 313 2289 erum
338 2269 356 2288 a
432 2268 494 2288 aeS.
551 2280 558 2286 .
619 2269 637 2288 a
664 2281 670 2288 .
693 2269 713 2288 1.
735 2269 764 2298 p.
832 2267 860 2289 ·...

905 2259 1038 2289 Ancona
1060 2270 1101 2289 on
1125 2261 1179 2290 the
1207 2261 1377 2296 llatlriatic,
1400 2263 1462 2292 and
1485 2263 1560 2293 then
1585 2264 1680 2303 along

87 2301 137 2332 Cf.
164 2305 280 2337 tamen,
306 2302 365 2331 Pro
388 2301 425 2331 L.
443 2301 590 2331 Cornelio
616 2301 716 2331 Balbo
740 2311 766 2330 c.
787 2301 860 2331 153⁹

87 2344 153 2374 But
179 2344 212 2373 in
227 2345 282 2374 the
297 2353 427 2383 passage
452 2343 511 2372 Pro
533 2343 631 2373 Balbo
656 2344 681 2373 it
705 2344 730 2373 is
748 2345 861 2382 ‘primi

87 2386 143 2426 pili
159 2386 324 2416 centurio.’
370 2386 534 2416 Manutius
551 2395 621 2424 says
637 2386 707 2415 that
719 2396 764 2415 we
777 2390 862 2416 must

87 2428 190 2458 either
206 2429 320 2468 supply
338 2430 345 2444 ‘
358 2428 533 2458 centurioni
548 2427 555 2440 '
571 2438 605 2457 as
622 2428 735 2458 Caesar
751 2438 821 2458 usos
837 2429 861 2458 it

89 2471 143 2510 (B.
162 2470 201 2500 G.
217 2471 258 2500 iii.
277 2471 322 2509 5),
353 2471 464 2509 ‘primi
488 2471 543 2509 pili
567 2471 732 2506 centurio,'
754 2481 790 2500 or
815 2481 862 2502 wc

89 2516 175 2542 must
197 2513 285 2542 write
302 2517 309 2529 ⁸
323 2513 480 2552 primipilo
495 2512 502 2525 ’
520 2513 550 2541 in
568 2522 586 2542 a
602 2513 701 2552 single
716 2513 809 2548 word,
827 2524 860 2543 as

88 2555 114 2585 it
129 2555 155 2584 is
170 2555 203 2584 in
219 2555 334 2585 Caesar
351 2555 388 2584 B.
407 2556 445 2585 G.
462 2555 493 2583 ii.
511 2564 537 2583 c.
553 2557 603 2584 ⁶25.

133 2598 236 2636 ipsum
262 2597 477 2636 crediturum]
505 2600 512 2613 ⁴
527 2598 627 2635 ipsam
652 2597 859 2627 crediturnm’

90 2650 110 2678 g
133 2642 156 2675 t,
182 2639 244 2668 and
269 2649 356 2669 some
382 2639 516 2668 editions
541 2639 603 2668 “in
627 2649 689 2678 qua
710 2640 864 2679 scriptura

90 2682 196 2711 nescio
217 2682 271 2720 qui
294 2682 381 2720 lepos
405 2681 507 2711 inesse
533 2681 693 2720 putetur”
720 2682 862 2722 (Halm).

91 2724 195 2754 There
211 2733 311 2753 seems
328 2727 360 2753 to
383 2723 421 2753 be
445 2733 464 2752 a
487 2723 558 2762 play
575 2733 616 2753 on
641 2724 695 2753 the
717 2734 810 2754 name
832 2725 868 2754 of

91 2767 148 2796 the
165 2776 248 2800 man,
266 2765 367 2795 which
383 2776 446 2795 was
468 2766 534 2795 also
551 2766 604 2795 the
621 2776 712 2796 name
730 2766 862 2808 (aquila)

91 2808 127 2839 of
138 2808 194 2838 the
211 2809 354 2847 ‘signum
369 2807 376 2821 '
393 2808 428 2837 of
442 2808 495 2837 the
511 2808 624 2846 legion.

135 2853 166 2881 9.
191 2850 361 2889 mensium]
389 2853 396 2867 ‘
411 2860 554 2880 mensum
569 2850 576 2863 ’
596 2850 700 2880 Halm.

135 2892 315 2932 Flaminia]
367 2893 417 2923 lle
443 2892 598 2923 describes
628 2894 682 2923 the
711 2893 863 2924 direction

906 2302 960 2332 the
975 2306 1062 2332 coast
1085 2306 1118 2331 to
1139 2303 1315 2333 Ariminum
1330 2316 1338 2340 ;
1363 2305 1441 2334 from
1459 2306 1637 2336 Ariminum
1655 2308 1680 2337 it

906 2354 960 2374 ran
984 2345 1092 2374 inland
1113 2345 1144 2374 in
1170 2356 1188 2375 a
1212 2347 1344 2385 straight
1363 2348 1436 2383 line,
1454 2349 1591 2387 through
1619 2350 1678 2380 130-

906 2387 1001 2416 nonia
1021 2390 1054 2417 to
1079 2387 1216 2419 Mutina.
1261 2389 1330 2419 The
1355 2391 1481 2420 Aurelia
1503 2401 1558 2420 ran
1585 2392 1680 2431 along

905 2429 960 2459 the
990 2433 1067 2459 west
1097 2435 1183 2460 const
1213 2431 1350 2470 through
1381 2433 1618 2464 Centumcellae
1645 2440 1678 2465 to

907 2472 1005 2507 Pisae,
1032 2472 1131 2506 Luna,
1159 2474 1220 2503 and
1245 2474 1365 2504 Genua.
1411 2475 1480 2505 The
1505 2476 1622 2511 Cassia,
1645 2487 1680 2507 as

906 2514 1015 2544 Cicero
1039 2525 1118 2554 says,
1147 2516 1265 2546 divides
1296 2517 1443 2555 Etruria;
1468 2519 1492 2548 it
1518 2529 1574 2548 ran
1599 2520 1678 2549 from

910 2556 1010 2587 Rome
1041 2561 1073 2587 to
1102 2558 1245 2595 Volsinii,
1272 2560 1334 2590 and
1365 2570 1400 2590 so
1427 2561 1623 2591 northwards
1646 2566 1679 2592 to

908 2598 1077 2629 Florentia.

948 2643 1180 2680 septemvir-alis
1195 2646 1391 2683 auctoritas]
1428 2645 1530 2675 Lento
1543 2656 1604 2675 was
1620 2656 1680 2675 ono

907 2683 943 2713 of
976 2684 1030 2714 the
1066 2685 1252 2724 Septemviri
1292 2687 1392 2717 under
1431 2688 1478 2717 M.
1510 2688 1678 2717 Antonius·

908 2726 1040 2765 Agraria
1063 2727 1194 2757 Lex.-—‘
1209 2738 1272 2758 uno
1298 2729 1430 2768 capitez’
1461 2735 1588 2759 content
1605 2730 1677 2759 with

908 2778 927 2798 a
960 2769 1040 2799 head
1070 2771 1156 2810 only,
1191 2771 1323 2801 without
1356 2773 1510 2809 inllicting
1548 2776 1678 2802 turture.

907 2810 1016 2842 Cicero
1031 2812 1151 2842 alludes
1176 2817 1209 2843 to
1225 2814 1308 2843 what
1332 2814 1508 2843 Trebonius
1531 2814 1591 2843 had
1613 2814 1680 2844 suf-

906 2853 1003 2891 fered,
1019 2865 1053 2886 as
1069 2855 1109 2886 he
1124 2865 1206 2895 says,
1222 2856 1302 2886 from
1321 2856 1494 2886 Dolabella.
