1816 3211
81 178 162 218 666
205 175 382 218 ORAT.
410 175 926 217 PHILIPPIOARUM
962 174 1148 215 LIBER
1180 174 1613 218 DUODEOIMUS.

77 304 174 331 cum
203 304 280 331 nec
312 288 450 330 animo
479 295 594 330 certe
615 294 682 330 est
709 304 784 331 nec
807 302 995 343 corpore.
1057 287 1101 327 Si
1122 291 1265 328 autem
1285 291 1360 327 aut
1379 287 1490 328 domi
1511 293 1578 330 est
1597 293 1672 330 aut

76 369 160 395 non
180 355 303 409 longe
323 369 348 395 a
368 354 503 403 domo,
527 358 640 394 certe
670 353 712 392 in
745 352 918 394 Etruria
948 356 1026 401 est,
1050 352 1092 391 id
1114 356 1192 401 est,
1215 352 1255 391 in
1278 350 1357 391 via.
1418 352 1520 403 Quis
1544 353 1673 407 igitur

75 419 176 461 mihi
208 423 398 474 praestat
434 418 669 458 Lentonem
701 432 782 458 uno
825 416 962 471 capite
1002 430 1093 456 esse
1129 417 1398 458 contentum?
1460 417 1540 457 Dic
1571 418 1671 458 mihi

75 489 307 539 praeterea,
345 483 498 530 Pansa,
531 481 759 522 Ventidius
794 480 865 521 ubi
897 480 963 530 sit,
988 479 1054 520 cui
1084 479 1141 520 fui
1174 495 1336 535 semper
1367 480 1540 530 amicus,
1573 486 1671 522 ante

76 562 202 603 quam
237 547 303 587 ille
338 546 397 586 rei
430 545 620 600 publicae
655 545 855 600 bonisque
896 544 1088 585 omnibus
1120 549 1208 585 tam
1247 550 1394 599 aperte
1434 550 1501 586 est
1534 546 1672 586 factus

74 612 278 653 inimicus.
341 610 525 650 Possum
562 609 751 651 Cassiam
783 610 927 660 vitare,
965 614 1111 649 tenere
1154 609 1415 650 Flaminiam.
1477 610 1599 662 Quid,
1636 610 1671 651 si

76 677 308 724 Anconam,
342 679 391 716 ut
423 674 587 722 dicitur,
614 674 840 716 Ventidius
865 674 1051 714 venerit?
1082 678 1283 728 poterone
1306 674 1543 714 Ariminum
1575 678 1670 716 tuto

73 741 296 782 accedere?
357 739 510 780 Restat
532 738 718 780 Aurelia.
782 738 868 780 Hic
903 738 1066 793 quidem
1098 738 1224 779 etiam
1255 738 1461 792 praesidia
1491 738 1667 787 habebo,

73 805 359 861 possessiones
389 803 499 844 enim
518 808 627 861 ¹sunt
660 803 710 845 P.
735 803 892 845 Clodii:
936 808 1028 844 tota
1058 802 1213 843 familia
1247 807 1450 851 occurret,
1485 802 1669 857 hospitio

73 870 268 911 invitabit
290 873 460 924 propter
480 868 807 909 familiaritatem
830 867 1104 908 notissimam.
1167 866 1228 907 X.
1253 867 1383 907 Hisce
1405 882 1483 922 ego
1504 882 1571 908 me
1593 867 1669 908 viis

74 934 350 980 committam,
392 933 463 988 qui
494 932 799 973 Terminalibus
833 946 966 986 nuper
995 931 1037 972 in
1073 931 1318 972 suburbium
1347 936 1395 971 ut
1426 931 1571 972 eodem
1603 932 1670 973 die

72 1003 302 1040 reverterer
323 998 382 1039 ire
403 1012 486 1038 non
507 1012 599 1038 sum
626 1012 753 1038 ausus
770 999 783 1038 ἓ
843 996 1097 1037 Domesticis
1118 1011 1184 1036 me
1205 996 1433 1050 parietibus
1457 996 1525 1036 vix
1547 1005 1671 1037 tueor

72 1063 161 1104 sine
196 1063 425 1104 amicorum
458 1062 673 1103 custodiis.
738 1061 888 1116 Itaque
910 1060 951 1100 in
972 1061 1075 1100 urbe
1112 1059 1301 1114 [maneo]
1336 1060 1371 1100 si
1401 1060 1553 1110 licebit,
1584 1075 1669 1100 ma-

71 1129 192 1168 nebo.
256 1127 377 1167 Haec
409 1141 501 1167 mea
536 1127 657 1166 sedes
688 1120 764 1175 est,
788 1126 890 1166 haec
911 1124 1061 1179 vigilia,
1085 1125 1187 1164 haec
1219 1124 1421 1174 custodia,
1444 1124 1524 1165 hoc
1551 1139 1669 1179 prae·

72 1192 223 1232 sidium
252 1191 467 1232 stativum.
529 1190 720 1231 Teneant
745 1189 814 1230 alii
845 1193 997 1238 castra,
1022 1203 1164 1243 regna,
1186 1203 1253 1229 res
1274 1188 1467 1237 bellicas;
1504 1189 1669 1230 oderint

71 1257 250 1305 hostem,
273 1270 370 1295 nani
401 1256 480 1296 hoc
514 1259 640 1309 caput
671 1259 762 1296 est:
796 1269 886 1304 nos,
919 1258 968 1294 ut
999 1253 1175 1294 dicimus
1205 1267 1449 1308 semperque
1479 1254 1666 1302 fecimus,

70 1321 216 1361 urbem
249 1324 292 1360 et
327 1334 396 1360 res
436 1320 615 1359 urbanas
655 1319 871 1359 vobiscum
909 1317 1068 1372 pariter
1103 1318 1323 1358 tuebimur.
1387 1318 1534 1373 Neque
1568 1333 1666 1359 vero

70 1399 218 1426 recuso
249 1399 398 1424 munus
426 1384 518 1432 hoc,
552 1398 803 1438 quamquam
838 1383 1035 1437 populum
1073 1382 1310 1423 Romanum
1341 1382 1459 1423 video
1496 1398 1570 1437 pro
1600 1397 1666 1423 me

70 1464 277 1490 recusare.
349 1449 483 1489 Nemo
533 1463 599 1489 me
646 1448 784 1488 minus
830 1447 1016 1496 timidus,
1067 1462 1189 1488 nemo
1231 1446 1404 1488 cautior.
1466 1447 1552 1488 Res
1596 1447 1667 1488 de-

72 1515 217 1556 clarat.
280 1513 518 1554 Vicesimus
562 1528 697 1554 annus
740 1517 805 1553 est
847 1527 974 1567 quum
1019 1526 1163 1552 omnes
1208 1511 1400 1552 scelerati
1434 1526 1500 1552 me
1538 1526 1667 1552 unum

70 1584 233 1634 petunt.
296 1579 446 1633 Itaque
481 1578 573 1633 ipsi,
612 1592 664 1618 ne
697 1577 833 1618 dicam
872 1576 985 1626 mihi,
1023 1576 1083 1616 rei
1123 1576 1314 1631 publicae
1348 1590 1505 1631 poenas
1543 1577 1667 1617 dede-

70 1648 196 1684 runt:
230 1658 296 1684 me
317 1643 477 1684 salvum
497 1642 634 1683 adhuc
656 1656 724 1682 res
753 1641 922 1696 publica
953 1640 1212 1681 conservavit
1246 1640 1339 1681 sibi.
1401 1640 1561 1681 Timide
1584 1641 1664 1681 hoc

71 1708 233 1756 dicam;
280 1708 366 1748 scio
402 1707 512 1748 enim
552 1706 715 1761 quidvis
747 1705 903 1746 homini
936 1705 1124 1746 accidere
1165 1719 1314 1758 posse;
1349 1719 1492 1745 verum
1523 1709 1665 1745 tamen

70 1772 199 1813 semel
230 1772 528 1813 circumsessus
554 1771 673 1812 lectis
705 1770 1084 1811 valentissimorum
1115 1768 1327 1809 hominum
1346 1768 1502 1809 viribus
1533 1769 1664 1809 cecidi

119 1868 302 1906 Ventidius]
352 1868 386 1898 P.
414 1867 581 1897 Ventidius
608 1867 735 1896 Bassus.
791 1867 843 1897 He
889 1866 996 1895 Halm.
1041 1865 1109 1895 The
1132 1874 1279 1895 common
1302 1865 1430 1903 reading
1454 1865 1480 1895 is
1507 1866 1560 1895 ‘in
1585 1864 1664 1895 urbe

70 1912 97 1941 is
113 1921 174 1940 one
195 1911 230 1940 of
248 1911 303 1940 the
323 1914 464 1949 praetors
489 1909 569 1949 (Rc.
586 1909 641 1948 43)
661 1909 786 1939 alluded
808 1913 841 1939 to
886 1918 1019 1938 maneo:
1045 1908 1070 1937 si
1087 1908 1130 1937 sic
1145 1907 1261 1943 licebit,
1279 1906 1441 1937 manebo.'

71 1954 104 1983 in
121 1963 147 1982 c.
165 1954 203 1989 83
227 1953 289 1982 and
304 1953 344 1982 he
357 1963 418 1982 was
435 1953 525 1981 made
540 1952 650 1981 consul
667 1952 772 1981 before
787 1952 842 1981 the

71 1996 133 2025 end
151 1995 186 2025 of
199 2005 263 2025 B.c.
282 1996 332 2025 43.
380 1995 431 2024 He
446 2005 508 2024 was
525 1994 589 2024 said
612 1998 644 2024 to
660 1995 739 2023 have
762 1995 842 2023 been

70 2048 90 2068 a
106 2041 113 2055 ⁴
125 2038 221 2067 mulio
233 2037 252 2073 ς’
268 2037 327 2066 but
342 2037 382 2066 he
398 2047 461 2066 was
476 2047 495 2066 a
510 2047 583 2066 man
595 2037 630 2066 of
642 2036 763 2075 ability,
780 2036 843 2066 and

70 2080 250 2110 afterwards
267 2079 496 2117 distinguished
512 2079 641 2108 himself
653 2080 685 2108 in
698 2079 752 2108 the
768 2079 842 2108 Par-

71 2123 159 2152 thian
176 2132 263 2151 wars.
311 2122 430 2152 Gellius
447 2121 512 2161 (XV.
525 2120 570 2160 4),
582 2122 651 2150 who
668 2122 724 2150 has
740 2131 842 2151 some-

70 2165 162 2203 thing
177 2165 274 2194 about
289 2165 365 2201 him,
383 2174 463 2203 says,
477 2174 518 2193 on
536 2163 715 2193 Suetonius'
728 2164 841 2193 autho-

70 2208 142 2246 rity,
161 2208 229 2236 that
244 2207 284 2236 he
300 2217 361 2236 was
385 2207 440 2236 the
463 2207 531 2236 first
552 2207 675 2236 Roman
692 2207 762 2236 who
786 2206 841 2236 tri-

70 2250 210 2289 umphed
226 2259 300 2279 over
315 2249 369 2279 the
386 2249 561 2279 Parthians.
602 2249 661 2278 See
676 2249 741 2278 also
759 2249 845 2278 Dion

71 2294 123 2327 49,
155 2302 181 2322 c.
215 2292 334 2323 19-21
350 2303 357 2328 ;
391 2292 453 2321 and
488 2291 645 2328 Plutarch,
674 2291 844 2327 Antonius,

72 2344 99 2364 e.
116 2336 168 2364 34.

115 2375 237 2414 tenere]
265 2377 285 2392 ‘⁴
301 2378 307 2392 ‘
321 2378 428 2405 tenere
442 2375 449 2389 '
464 2375 486 2412 i,
503 2379 510 2392 ‘
525 2375 576 2406 et'
593 2378 618 2412 t,
642 2386 704 2405 om.
722 2385 740 2404 a
756 2375 776 2405 b
792 2375 842 2414 g’'

73 2417 213 2457 (Halm),
239 2417 308 2446 who
335 2418 392 2447 has
417 2417 619 2448 ‘tenere.’—‘
632 2421 667 2448 ut
693 2418 807 2447 dicitur
823 2416 843 2448 :'

70 2460 97 2490 it
121 2470 220 2489 seems
244 2460 312 2489 that
327 2470 373 2489 we
400 2464 485 2489 must
504 2461 617 2499 supply
635 2459 844 2490 ‘venisse’—

72 2506 80 2519 ⁴
94 2502 247 2541 praesidia
260 2501 279 2531 :'
303 2502 474 2540 ironically.
532 2503 582 2532 He
612 2503 668 2532 has
702 2503 770 2532 told
806 2512 843 2531 us

70 2544 178 2573 before
193 2544 262 2573 that
277 2544 325 2573 his
342 2553 465 2583 enemy,
484 2545 517 2573 P.
532 2544 672 2581 Clodius,
690 2545 751 2574 had
767 2544 841 2574 land

72 2587 106 2616 in
124 2586 262 2615 Etruria.

119 2630 166 2658 10.
188 2628 436 2666 Terminalibus]
471 2627 523 2657 On
534 2628 588 2657 the
597 2628 648 2658 vii.
661 2629 733 2658 Kal.
745 2629 843 2658 Mart.

72 2670 167 2707 Ovid,
185 2670 271 2700 Fasti
286 2670 317 2699 ii.
333 2671 394 2699 639
409 2681 415 2698 :

72 2732 91 2746 ‘⁶
104 2729 176 2759 Nox
187 2728 241 2757 ubi
253 2727 421 2763 transierit,
433 2727 525 2756 solito
539 2727 713 2757 celebretur
724 2729 844 2758 honore

148 2771 278 2810 Separat
293 2770 407 2799 indicio
423 2770 476 2808 qui
492 2769 568 2798 deus
584 2780 657 2799 arva
673 2770 763 2799 suo.'’

70 2838 124 2860 -—‘
135 2837 179 2866 ire
194 2847 258 2866 non
271 2846 339 2866 sum
356 2845 450 2865 ausus
464 2835 484 2864 :'
503 2837 521 2852 “
534 2835 578 2864 ire
593 2845 687 2864 ausus
698 2846 761 2864 non
774 2836 843 2866 sim.

72 2879 121 2909 ed.
135 2879 233 2909 AJd.’'
252 2877 446 2918 (Halm).-⁴
458 2878 491 2907 in
506 2877 584 2906 urbe
601 2900 608 2906 .
627 2899 633 2906 .
653 2899 659 2906 .
678 2878 810 2907 manebo
824 2879 842 2907 z'

929 1950 1043 1989 reyna]
1065 1953 1071 1966 ‘
1083 1960 1188 1989 regna.
1202 1954 1264 1979 tres
1277 1949 1283 1962 '
1298 1954 1321 1985 t,
1339 1953 1346 1966 ⁴
1357 1959 1453 1988 regna
1464 1959 1514 1979 res
1525 1949 1532 1962 ’
1546 1959 1565 1979 a
1576 1949 1596 1979 b
1609 1960 1629 1988 g
1640 1950 1662 1980 i.

886 1993 955 2022 The
970 1996 1039 2022 text
1059 1992 1085 2022 is
1109 1992 1244 2031 perhaps
1270 1995 1328 2021 not
1351 1996 1481 2022 correct.
1528 1992 1662 2021 Schuetz

888 2035 1045 2064 corrected
1068 2035 1094 2064 it
1117 2035 1202 2070 thus,
1227 2037 1358 2073 ‘regant
1382 2033 1456 2072 res‚'
1481 2034 1544 2064 and
1563 2035 1663 2065 Orelli

886 2079 895 2094 ‘
908 2080 1020 2117 gerant
1034 2077 1107 2114 res‚’
1123 2076 1225 2106 which
1244 2077 1340 2106 Halm
1356 2077 1423 2107 has.

930 2120 1073 2158 oderint]
1124 2119 1282 2149 Ferrarius
1309 2119 1465 2158 proposed
1482 2118 1661 2155 ‘adierint,’

887 2162 1026 2192 Faernus
1050 2165 1057 2179 ‘
1072 2161 1233 2191 fuderint.'
1275 2162 1384 2191 Ursini
1399 2162 1556 2200 proposed
1569 2164 1577 2178 ‘
1589 2161 1663 2190 ade-

886 2208 943 2234 ant
956 2203 964 2218 '
981 2214 1016 2234 or
1033 2207 1040 2221 ‘
1052 2203 1207 2234 adierint!
1245 2203 1314 2233 The
1329 2206 1397 2233 text
1413 2214 1483 2243 may
1499 2204 1538 2233 be
1553 2203 1639 2242 right
1654 2215 1661 2233 :

890 2247 953 2276 ‘let
967 2247 1054 2276 them
1071 2247 1157 2276 show
1174 2246 1255 2275 their
1275 2246 1385 2276 hatred
1400 2246 1435 2276 of
1455 2246 1509 2275 the
1524 2245 1661 2285 enemy,'

889 2290 953 2319 real
978 2289 1098 2325 hatred,
1114 2292 1172 2318 not
1192 2288 1423 2318 simulated.—‘
1437 2292 1474 2318 ut
1496 2288 1660 2318 dicimus:'

890 2331 1007 2362 Gruter
1029 2331 1187 2370 proposed
1213 2331 1422 2360 ‘didicimus'
1470 2331 1565 2360 Klotz
1589 2340 1662 2370 pro-

888 2383 980 2413 poses
997 2376 1004 2390 ⁴
1016 2377 1053 2403 ut
1067 2373 1221 2403 facimus!
1268 2373 1332 2403 But
1348 2377 1355 2390 ‘
1365 2373 1497 2403 dicimus
1510 2373 1518 2387 ¹
1535 2383 1607 2412 may
1622 2373 1662 2402 be

889 2416 1029 2455 opposed
1058 2421 1091 2446 to
1122 2419 1129 2432 ‘
1143 2415 1297 2446 fecimus!
1347 2415 1474 2445 Ernesti
1504 2415 1661 2455 proposed

892 2463 899 2476 ‘
910 2458 1070 2488 diximus!

930 2510 1019 2530 nemo
1037 2500 1179 2536 cautior]
1229 2499 1326 2529 Halm
1342 2499 1398 2529 has
1415 2502 1422 2516 ‘
1436 2508 1530 2529 nemo
1552 2502 1660 2528 tamen

887 2543 1030 2578 cautior,'
1047 2542 1148 2571 which
1164 2542 1189 2571 is
1205 2542 1342 2572 founded
1358 2552 1400 2572 on
1415 2542 1470 2571 the
1485 2542 1613 2581 reading
1628 2541 1663 2571 of

889 2588 913 2622 t,
932 2588 939 2602 ⁶
953 2585 1081 2614 nemota
1097 2584 1240 2614 cautior!

938 2628 1113 2657 Vicesimus
1128 2636 1230 2656 annus
1246 2628 1291 2656 est
1308 2626 1419 2665 quum]
1462 2626 1519 2655 See
1533 2625 1613 2655 Phil.
1626 2626 1660 2655 ii.

889 2678 915 2698 c.
937 2670 963 2698 1.
1001 2669 1052 2698 ‘It
1074 2669 1101 2698 is
1116 2678 1187 2698 now
1202 2671 1320 2706 twenty
1336 2678 1425 2707 years
1445 2668 1515 2697 that
1539 2668 1581 2697 all
1603 2668 1659 2697 the

888 2711 1011 2740 villains
1026 2711 1105 2740 have
1120 2711 1199 2740 been
1215 2711 1331 2748 aiming
1346 2714 1378 2739 at
1394 2720 1444 2739 me
1460 2709 1555 2749 only.’
1602 2710 1660 2739 See

890 2753 950 2782 Pro
966 2753 1125 2789 Cluentio,
1143 2763 1169 2782 e.
1187 2754 1239 2787 30,
1256 2753 1328 2782 Vol.
1345 2753 1377 2782 ii.

932 2795 1170 2834 circumsessus]
1190 2805 1208 2824 a
1223 2795 1242 2824 b
1259 2805 1279 2833 g
1293 2795 1314 2823 i.
1357 2795 1494 2824 Faernus
1510 2803 1659 2833 proposes

890 2839 897 2853 ‘
910 2836 1158 2875 circumseptus.’
1205 2837 1312 2866 Cicero
1328 2846 1459 2875 appears
1481 2839 1514 2865 to
1530 2836 1610 2865 refer
1625 2838 1658 2865 to

889 2879 937 2908 his
965 2882 1088 2909 contest
1111 2879 1186 2909 with
1217 2879 1251 2908 P.
1277 2879 1417 2909 Clodius.
1465 2878 1560 2907 Halm
1583 2886 1658 2916 pro-

1803 1091 1816 1289 ...tunm—...-

1803 2251 1816 2282 .”.-
1798 2095 1816 2238 bfflfflffl
1799 2064 1816 2086 .“,’
