1816 3211
275 686 800 763 ORATIONUM
888 688 1596 767 PHILIPPICARUM

594 854 595 857 ’
648 847 852 893 LIBER
887 848 1221 903 QUARTUS.

201 1165 235 1207 Ι.
271 1166 581 1210 FREQUENTIA
612 1172 796 1209 vestrum
828 1169 1092 1218 incredibilis,
1124 1169 1321 1222 Quirites,
1345 1169 1569 1224 contioque
1603 1173 1726 1210 tanta

140 1235 339 1285 quantam
356 1231 592 1272 meminisse
608 1247 690 1272 non
703 1233 857 1282 videor,
874 1238 917 1274 et
933 1233 1194 1274 alacritatem
1210 1233 1311 1273 mihi
1327 1248 1531 1274 summam
1546 1233 1607 1274 rei
1623 1233 1727 1288 pub-

139 1295 242 1335 licae
265 1295 548 1337 defendendae
569 1297 691 1337 affert
712 1302 756 1338 et
777 1312 894 1352 spem
916 1298 1224 1353 recuperandae
1249 1297 1514 1353 [libertatis].
1576 1298 1727 1350 Quam-

140 1374 264 1414 quam
298 1359 460 1401 animus
494 1360 593 1401 mihi
627 1361 794 1416 quidem
826 1377 1053 1417 numquam
1085 1362 1228 1412 defuit,
1263 1367 1450 1418 tempora
1475 1362 1723 1411 defuerunt3

139 1439 245 1480 quae
272 1424 444 1466 simulac
476 1425 654 1480 primum
688 1426 842 1482 aliquid
874 1427 978 1468 lucis
1014 1427 1235 1468 ostendere
1266 1427 1354 1468 visa
1388 1432 1499 1478 sunt,
1534 1427 1728 1482 princeps

139 1493 301 1529 vestrae
322 1489 529 1531 libertatis
551 1491 835 1532 defendendae
855 1491 927 1532 fui.
989 1492 1111 1544 Quod
1141 1491 1176 1532 si
1206 1491 1248 1532 id
1275 1497 1373 1533 ante
1394 1492 1531 1533 facere
1552 1495 1727 1533 conatus

139 1568 286 1604 essem,
310 1569 419 1595 nunc
440 1555 575 1596 facere
596 1570 677 1596 non
698 1570 876 1610 possem.
940 1556 1158 1597 Hodierno
1192 1556 1300 1597 enim
1335 1557 1414 1607 die,
1446 1557 1642 1609 Quirites,
1674 1569 1726 1596 ne

138 1618 388 1660 mediocrem
409 1634 496 1660 rem
516 1625 657 1661 actam
686 1620 957 1669 arbitremini,
981 1620 1252 1663 fundamenta
1274 1622 1393 1676 jacta
1420 1626 1519 1663 sunt
1550 1621 1726 1675 reliqua-

138 1698 231 1723 rum
250 1684 475 1725 actionum.
538 1685 647 1725 Nam
668 1690 734 1726 est
755 1685 889 1725 hostis
909 1700 935 1726 a
954 1692 1102 1726 senatu
1129 1687 1313 1727 nondum
1333 1687 1459 1727 verbo
1479 1685 1723 1741 appellatus,

138 1748 211 1788 sed
243 1761 287 1788 re
318 1748 406 1801 jam
437 1747 653 1801 judicatus
690 1748 915 1803 Antonius.
979 1749 1100 1790 Nunc
1122 1764 1218 1790 vero
1246 1751 1376 1790 multo
1409 1764 1500 1790 sum
1533 1749 1722 1798 erectior,

139 1812 248 1865 quod
273 1826 347 1852 vos
376 1826 540 1866 quoque
570 1813 683 1852 illum
715 1813 881 1853 hostem
912 1827 1003 1853 esse
1031 1818 1150 1854 tanto
1179 1828 1382 1855 consensu
1409 1819 1612 1868 tantoque
1644 1814 1726 1854 ola-

138 1890 253 1915 more
273 1875 594 1930 approbavistis.
656 1876 802 1930 Neque
825 1877 946 1926 enim,
971 1877 1168 1929 Quirites,
1192 1878 1281 1918 fieri
1303 1884 1445 1933 potest
1465 1883 1513 1920 ut
1542 1893 1625 1919 non
1652 1882 1727 1919 aut

139 1940 166 1980 ii
187 1940 271 1980 sint
292 1940 418 1995 impii,
442 1940 511 1995 qui
542 1945 690 1981 contra
712 1942 924 1982 consulem
949 1941 1157 1982 exercitus
1179 1948 1535 1997 comparaverunt,
1558 1947 1631 1983 aut
1660 1943 1727 1983 ille

138 2005 284 2051 hostis,
307 2010 454 2046 contra
474 2020 595 2059 quem
623 2005 717 2058 jure
745 2020 861 2046 arma
881 2012 1047 2061 sumpta
1068 2011 1178 2048 sunt.
1242 2006 1368 2047 Hanc
1400 2007 1528 2062 igitur
1562 2007 1726 2048 dubita-

138 2069 306 2119 tionem,
331 2084 580 2124 quamquam
608 2070 719 2110 nulla
749 2075 852 2120 erat,
876 2075 1019 2111 tamen
1054 2085 1106 2111 ne
1141 2085 1222 2125 qua
1249 2077 1393 2126 posset
1423 2086 1526 2121 esse,
1555 2076 1726 2113 senatus

138 2133 335 2174 hodierno
358 2134 423 2174 die
445 2134 628 2175 sustulit.
691 2134 738 2175 O.
762 2134 931 2183 Caesar,
955 2135 1023 2189 qui
1051 2150 1137 2175 rem
1170 2136 1379 2190 publicam
1408 2136 1726 2190 libertatemque

138 2203 321 2239 vestram
342 2213 415 2238 suo
446 2198 596 2248 studio,
621 2199 806 2247 consilio,
836 2199 1087 2254 patrimonio
1108 2200 1283 2255 denique
1304 2205 1468 2243 tutatus
1496 2206 1561 2241 est
1592 2206 1634 2242 et
1661 2206 1726 2242 tu-

138 2267 265 2313 tatur,
299 2263 490 2304 maximis
522 2269 693 2304 senatus
728 2264 919 2305 laudibus
956 2272 1130 2305 ornatus
1165 2269 1244 2306 est.
1307 2265 1464 2315 Laudo,
1490 2266 1612 2306 laudo
1639 2280 1725 2314 vos,

141 2328 337 2379 Quirites,
379 2328 491 2382 quod
525 2327 777 2382 gratissimis
812 2328 961 2369 animis
995 2329 1292 2383 prosequimini
1328 2345 1479 2371 nomen
1511 2329 1727 2370 clarissimi

139 2392 418 2432 adolescentis
440 2391 501 2432 vel
522 2391 636 2445 pueri
667 2392 965 2446 potius—sunt
993 2393 1102 2434 enim
1128 2394 1242 2434 facta
1263 2394 1353 2448 ejus
1383 2394 1723 2445 immortalitatis,

140 2470 290 2496 nomen
318 2455 495 2496 aetatis:
531 2455 663 2495 multa
694 2456 872 2507 memini,
903 2457 1034 2497 multa
1058 2457 1209 2505 audivi,
1232 2458 1364 2499 multa
1398 2458 1492 2513 legi,
1517 2458 1722 2511 Quirites:

140 2519 240 2561 nihil
257 2534 307 2558 ex
325 2519 434 2559 omni
452 2520 712 2559 saeculorum
729 2521 928 2561 memoria
948 2521 1032 2562 tale
1050 2521 1365 2576 cognovi—qui,
1385 2537 1511 2576 quum
1527 2522 1728 2564 servitute

140 2597 432 2638 premeremur,
448 2582 489 2622 in
504 2582 591 2622 dies
608 2583 760 2623 malum
776 2591 994 2635 cresceret,
1013 2585 1207 2640 praesidii
1224 2586 1325 2626 nihil
1340 2587 1599 2635 haberemus,
1616 2587 1728 2641 capi-

187 2697 215 2726 1.
239 2694 393 2734 vestrum]
450 2697 458 2711 ‘
475 2697 576 2724 vestra
593 2694 601 2708 '
641 2695 871 2733 g.—‘clamore
888 2695 908 2726 :'
954 2697 1064 2727 Cicero
1089 2697 1292 2736 pronounced
1320 2696 1463 2727 Caesar’s
1489 2707 1590 2734 name,
1617 2707 1650 2727 as
1679 2706 1726 2727 we

141 2737 231 2767 there
255 2747 316 2766 was
340 2747 359 2766 a
380 2737 475 2766 shout
490 2738 579 2766 when
603 2737 657 2766 the
680 2738 791 2776 people
814 2739 909 2768 heard
953 2749 1004 2769 see
1021 2739 1061 2778 by
1077 2740 1130 2769 the
1146 2740 1245 2769 words
1263 2744 1269 2756 ‘
1285 2740 1404 2776 Laudo,
1420 2739 1536 2776 laudo‚’
1555 2743 1610 2769 διο.

141 2781 211 2810 that
243 2780 399 2810 Antonius
435 2789 496 2809 was
529 2779 670 2808 declared
709 2790 748 2809 an
789 2790 910 2820 enemy,
998 2783 1062 2820 qni,
1087 2782 1198 2821 quum]
1254 2782 1332 2812 This
1361 2782 1398 2812 of
1430 2792 1537 2812 course
1566 2781 1662 2811 refers
1691 2783 1724 2811 to

141 2823 203 2852 and
240 2823 303 2852 this
343 2822 536 2860 encouraged
566 2821 673 2851 Cicero
704 2822 906 2862 (Manutius).
953 2824 1193 2854 ‘adolescentis'
1223 2825 1284 2854 and
1316 2823 1445 2863 ‘pueris
1494 2824 1592 2854 What
1622 2833 1726 2853 comes

142 2866 245 2895 Other
269 2866 354 2904 signs
376 2866 412 2895 of
429 2864 635 2905 approbation
659 2864 798 2894 followed
819 2866 909 2894 when
954 2866 1094 2896 between
1111 2867 1137 2896 is
1153 2867 1379 2906 parenthetical
1397 2869 1521 2895 matter.
