1816 3211
708 185 841 226 GAP.
875 188 941 235 13,
975 188 1042 226 14.
1592 190 1672 229 245

83 299 250 338 domum
271 297 474 338 decedens
494 302 685 353 rogasset
707 297 921 348 Granium,
947 298 1046 353 quid
1078 297 1214 339 tristis
1247 302 1371 348 esset,
1396 312 1449 338 an
1480 300 1589 353 quod
1610 315 1673 340 re-

77 362 216 416 jectae
230 361 446 402 auctiones
461 368 602 403 essent
615 363 812 404 ss—immo
827 377 935 412 vero,
954 363 1102 417 inquit,
1119 363 1230 417 quod
1246 363 1675 416 legationes—Idem

19 457 21 460 .
80 426 249 467 tribuno
284 426 427 480 plebis,
452 427 746 481 potentissimo
782 427 950 473 homini,
986 428 1049 467 M.
1088 427 1241 477 Druso,
1280 428 1353 467 sed
1390 427 1521 468 multa
1556 428 1598 468 in
1630 443 1674 468 re

80 491 246 546 publica
266 490 464 540 molienti,
488 507 616 546 quum
636 492 703 533 ille
725 507 820 532 eum
841 492 1082 541 salutasset,
1106 497 1154 532 ut
1179 492 1240 541 fit,
1266 491 1540 547 dixissetque,
1565 492 1674 544 Quid

81 555 185 609 agis,
209 555 370 596 Grani?
400 557 629 611 respondit,
655 556 788 597 Immo
824 571 921 597 vero
954 561 1015 605 tu,
1039 556 1189 605 Druse,
1214 556 1311 611 quid
1342 556 1463 611 agis?
1526 557 1601 598 Ille
1624 557 1673 597 L.

83 619 236 668 Crassi,
260 619 326 659 ille
350 619 414 660 M.
437 620 616 662 Antonii
639 622 901 662 voluntatem
930 621 1209 675 asperioribus
1239 621 1404 662 facetiis
1436 635 1561 676 saepe
1581 636 1673 676 per-

81 683 253 725 strinxit
273 684 453 739 impune.
516 685 638 726 Nunc
671 700 802 740 usque
839 700 888 726 eo
925 690 988 725 est
1025 699 1223 739 oppressa
1259 691 1404 727 nostra
1434 686 1676 741 arrogantia

82 749 230 790 civitas
251 753 310 798 ut,
334 763 439 803 quae
460 748 540 790 fuit
561 749 657 789 olim
685 749 880 804 praeconi
906 749 948 789 in
979 749 1169 796 ridendo,
1194 764 1304 790 nunc
1328 751 1459 804 equiti
1482 751 1675 792 Romano

81 814 124 854 in
144 813 344 868 plorando
366 827 448 853 non
469 813 525 854 sit
545 828 746 854 concessa
768 814 953 854 libertas.
1017 812 1133 864 Quae
1154 813 1264 853 enim
1285 828 1483 868 umquam
1513 814 1675 855 Plancii

82 893 163 919 vox
183 878 263 919 fuit
284 878 557 920 contumeliae
578 878 718 932 potius
740 893 863 933 quam
885 878 1068 918 doloris?
1099 877 1197 932 quid
1228 883 1294 919 est
1313 885 1456 919 autem
1477 894 1675 933 umquam

83 948 268 998 questus,
292 942 370 983 nisi
402 957 529 997 quum
561 957 585 983 a
614 943 737 983 sociis
774 947 816 983 et
844 958 869 982 a
899 957 942 983 se
965 942 1158 996 injuriam
1178 943 1476 998 propulsaret?
1538 944 1676 995 Quum

81 1011 251 1048 senatus
270 1007 539 1062 impediretur
570 1022 651 1062 quo
682 1007 833 1057 minus,
867 1007 910 1047 id
937 1007 1048 1062 quod
1079 1007 1272 1048 hostibus
1303 1022 1466 1062 semper
1487 1013 1578 1049 erat
1599 1009 1673 1049 tri-

82 1073 242 1121 butum,
260 1087 506 1127 responsum
535 1072 746 1127 equitibus
777 1072 978 1113 Romanis
1009 1072 1266 1122 redderetur,
1301 1074 1494 1114 omnibus
1525 1073 1594 1114 illa
1615 1073 1675 1114 in-

78 1136 189 1190 juria
210 1137 342 1177 dolori
363 1137 595 1191 publicanis
616 1137 707 1187 fuit,
731 1137 804 1178 sed
834 1152 929 1178 eum
950 1137 1085 1191 ipsum
1116 1136 1300 1177 dolorem
1331 1137 1397 1178 hic
1419 1137 1516 1178 tulit
1536 1137 1675 1193 paullo

83 1201 280 1255 apertius.
343 1201 585 1242 Communis
612 1201 679 1242 ille
714 1215 861 1242 sensus
893 1201 933 1241 in
964 1200 1057 1241 aliis
1077 1201 1256 1242 fortasse
1276 1202 1428 1244 latuit:
1463 1202 1541 1251 hic,
1565 1203 1675 1257 quod

84 1279 179 1306 cum
201 1266 351 1306 ceteris
372 1266 510 1306 animo
531 1266 753 1315 sentiebat,
777 1266 818 1306 id
840 1267 972 1320 magis
994 1280 1119 1320 quam
1140 1266 1269 1307 ceteri
1298 1272 1341 1308 et
1361 1268 1478 1308 vultu
1510 1283 1674 1322 promp-

84 1334 175 1370 tum
196 1329 344 1370 habuit
361 1334 403 1370 et
419 1329 572 1384 lingua.
634 1330 909 1385 Quamquam,
924 1331 1342 1385 judices,—agnoseo
1360 1332 1467 1372 enim
1486 1347 1537 1373 ex
1551 1347 1676 1373 me—

84 1396 217 1436 inulta
248 1395 289 1435 in
323 1395 540 1435 Plancium
571 1410 674 1449 quac
706 1396 758 1436 ab
790 1410 838 1436 eo
871 1410 1096 1450 numquam
1127 1395 1240 1436 dicta
1270 1401 1369 1436 sunt
1390 1396 1673 1436 conferuntur.

87 1460 181 1514 Ego
203 1460 299 1514 quia
320 1460 412 1500 dico
435 1459 587 1514 aliquid
607 1460 842 1515 aliquando,
865 1475 948 1500 non
979 1460 1118 1501 studio
1141 1461 1364 1511 adductus,
1389 1461 1462 1501 sed
1483 1466 1557 1501 aut
1579 1475 1674 1501 con-

84 1524 272 1566 tentione
308 1524 472 1564 dicendi
493 1530 567 1565 aut
599 1524 830 1574 lacessitus,
864 1530 908 1565 et
941 1525 1047 1579 quia,
1073 1530 1118 1565 ut
1156 1525 1204 1565 fit
1235 1525 1276 1564 in
1308 1525 1462 1575 multis,
1486 1525 1574 1566 exit
1604 1524 1675 1565 ali-

85 1589 249 1644 quando
270 1588 437 1643 aliquid,
461 1588 495 1628 si
518 1603 598 1628 non
621 1589 890 1643 perfacetum,
914 1594 959 1629 at
981 1594 1122 1630 tamen
1143 1590 1323 1629 fortasse
1351 1604 1434 1629 non
1456 1589 1674 1637 rusticum,

84 1654 195 1708 quod
217 1653 388 1708 quisque
410 1653 528 1701 dixit,
552 1667 618 1693 me
650 1652 691 1692 id
719 1653 872 1694 dixisse
905 1654 1064 1694 dicunt.
1127 1653 1221 1708 Ego
1247 1659 1401 1702 autem,
1426 1654 1460 1694 si
1489 1653 1587 1708 quid
1609 1660 1676 1694 cst

85 1718 196 1773 quod
215 1718 315 1757 mihi
337 1718 488 1759 scitum
520 1732 612 1758 esse
634 1717 824 1759 videatur
857 1723 901 1759 et
933 1718 1099 1758 homine
1135 1718 1316 1772 ingenuo
1348 1718 1520 1772 dignum
1547 1723 1675 1773 atque

85 1782 224 1831 docto,
248 1796 330 1821 non
361 1796 584 1836 aspernor3
620 1783 861 1823 stomachor
890 1797 1018 1837 quum
1048 1782 1224 1822 aliorum
1259 1797 1342 1823 non
1375 1798 1442 1823 me
1478 1782 1604 1836 digna
1635 1783 1677 1822 in

84 1861 150 1887 me
187 1846 470 1887 conferuntur.
532 1845 643 1887 Nam
684 1847 794 1902 quod
834 1848 991 1903 primus
1026 1847 1149 1888 scivit
1178 1847 1314 1902 legem
1348 1847 1399 1887 de
1435 1847 1677 1901 publicanis,

87 1964 138 1994 He
153 1965 219 1995 also
236 1964 338 1995 shows
353 1965 423 1996 that
440 1965 495 1996 the
512 1965 625 2005 ‘legati
639 1964 647 1979 ¹
672 1965 776 1996 whom
800 1966 854 1996 the
898 1977 961 2006 you
977 1965 1111 2005 doing?’
1159 1966 1211 1996 He
1233 1968 1341 1996 meant
1365 1966 1434 1996 that
1449 1966 1489 1996 he
1504 1975 1567 1996 was
1583 1966 1678 2005 doing

86 2011 193 2037 senate
209 2008 312 2038 would
336 2012 392 2038 not
415 2009 534 2038 receive
554 2018 634 2038 were
650 2009 705 2038 the
722 2009 835 2048 ‘legati
850 2009 857 2021 ¹

86 2049 122 2079 of
133 2050 301 2089 Jugurtha,
318 2051 387 2081 who
411 2061 490 2081 were
511 2055 581 2082 sent
599 2056 630 2081 to
656 2052 756 2081 Rome
779 2052 859 2081 after

88 2092 122 2122 P.
140 2093 243 2132 Scipio
268 2093 382 2123 Nasica
405 2094 466 2123 and
491 2094 527 2124 C.
545 2093 734 2133 Calpurnius
752 2094 859 2124 Bestia

87 2144 167 2164 were
193 2136 334 2165 declared
359 2136 497 2166 consuls.
540 2136 609 2165 The
633 2140 750 2173 senate,
767 2137 858 2167 when

87 2177 141 2206 the
157 2178 301 2216 question
325 2188 387 2208 was
412 2178 548 2217 brought
574 2178 678 2208 before
704 2180 791 2209 them
818 2180 858 2219 by

89 2217 205 2254 Bestia,
218 2220 340 2249 refused
351 2224 383 2249 to
393 2221 462 2259 give
478 2221 532 2250 the
548 2221 661 2260 ‘legati
673 2221 680 2235 ’
696 2232 716 2251 a
731 2222 859 2262 hearing

90 2259 233 2300 (Sallust.
250 2261 324 2300 Jug.
341 2272 367 2292 e.
384 2262 451 2301 27).

131 2303 200 2332 The
215 2313 334 2333 answer
351 2304 387 2333 of
408 2304 543 2335 Granius
567 2315 629 2335 was
653 2306 801 2337 intended
825 2310 858 2337 to

89 2345 196 2374 reflcct
211 2355 251 2375 on
269 2346 392 2375 Nasica.
437 2347 506 2376 The
524 2347 600 2386 joke
621 2348 716 2378 needs
739 2359 780 2379 no
804 2359 858 2379 ex-

90 2387 263 2426 planation.
310 2388 452 2418 Wunder
467 2389 522 2419 has
538 2390 600 2420 this
615 2391 739 2421 remark
755 2402 796 2421 on
812 2392 856 2421 it:

92 2430 142 2459 He
173 2440 241 2469 says
271 2430 341 2460 that
371 2431 517 2462 Granius’
549 2437 690 2471 repartee
716 2444 778 2463 was
804 2435 859 2464 the

90 2472 229 2511 sharper,
246 2472 377 2502 because
393 2474 446 2503 the
462 2475 607 2514 integrity
620 2476 655 2505 of
668 2476 782 2506 Nasica
798 2487 860 2507 was

90 2524 124 2544 so
150 2515 217 2544 well
239 2515 363 2550 known,
389 2515 436 2545 for
459 2517 560 2546 which
584 2517 624 2547 he
647 2523 758 2557 quotes
781 2520 860 2549 aster

91 2558 241 2587 Garatoni
268 2557 321 2586 the
346 2558 515 2598 testimony
539 2559 574 2588 of
596 2560 752 2590 Diodorus
780 2562 859 2601 (Ex-

91 2600 214 2639 cerpt.).
253 2599 322 2630 The
334 2601 421 2639 reply
434 2601 535 2630 would
549 2601 626 2631 have
638 2602 716 2632 been
733 2604 862 2643 sharpcr

90 2642 117 2671 if
144 2643 168 2671 it
195 2652 256 2672 was
283 2642 353 2672 well
377 2643 492 2672 known
520 2644 590 2673 that
618 2644 734 2675 Nasica
761 2656 820 2676 was
839 2651 862 2676 'a

91 2684 201 2714 knave.

133 2728 183 2757 M.
208 2727 332 2766 Druso]
380 2727 428 2756 M.
452 2727 558 2757 Livius
580 2728 703 2758 Drusus
725 2729 780 2759 the
806 2730 860 2760 tri-

91 2769 176 2800 bune
201 2769 328 2809 (Index,
350 2770 420 2799 Vol.
449 2770 480 2799 ii.
506 2770 577 2810 iii.).
635 2771 781 2801 Granius’
805 2782 861 2802 an-

91 2822 170 2842 swer
185 2816 274 2842 turns
290 2822 330 2841 on
346 2812 400 2841 the
416 2812 530 2841 double
548 2813 693 2851 meaning
707 2813 743 2843 of
756 2818 762 2830 ⁴
778 2814 860 2847 Quid

91 2853 198 2893 agis?’
247 2857 254 2871 ‘
271 2855 349 2884 llow
374 2854 413 2884 do
437 2865 498 2894 you
521 2855 560 2884 do
575 2854 602 2884 ?’
625 2865 694 2894 says
719 2856 860 2887 Drusus:

94 2900 101 2912 ⁸
113 2896 207 2937 Nay,'
221 2907 291 2937 says
308 2897 362 2927 the
377 2897 542 2937 impudent
562 2897 675 2934 follow,
693 2901 700 2914 ⁴
713 2898 796 2928 what
810 2909 863 2929 are

903 2009 1160 2040 mischief.—‘ut
1186 2008 1255 2039 fit:'
1281 2012 1334 2039 ‘as
1359 2009 1384 2039 is
1410 2008 1522 2045 usual‚’
1547 2012 1599 2039 ‘as
1623 2009 1678 2038 the

902 2051 1024 2081 fashion
1041 2051 1089 2082 is.’

944 2095 1155 2134 voluntatem]
1205 2097 1212 2111 ‘
1227 2104 1336 2124 sensus
1360 2094 1392 2123 in
1412 2103 1477 2123 rem
1494 2093 1675 2133 publicam‚’

901 2137 983 2166 their
1006 2137 1144 2176 political
1168 2137 1312 2176 opinions
1336 2137 1397 2166 and
1422 2146 1579 2165 mensures
1602 2136 1678 2175 (Er-

902 2180 1008 2218 nesti).
1055 2180 1198 2210 Wunder
1221 2189 1383 2219 comparcs
1401 2179 1480 2209 Phil.
1498 2179 1561 2208 xiii.
1579 2180 1619 2215 63
1638 2179 1678 2208 In

902 2223 995 2252 Catil.
1012 2223 1055 2252 iii.
1073 2224 1103 2253 9.

944 2268 1054 2295 nostra
1103 2265 1307 2304 arroqanlia]
1367 2265 1406 2294 A.
1445 2264 1482 2294 T.
1520 2264 1556 2293 E.
1614 2264 1678 2294 But

903 2307 1010 2337 Baiter
1027 2307 1082 2337 has
1099 2311 1106 2324 ⁴
1121 2306 1245 2341 vestra,’
1263 2307 1383 2345 though
1401 2307 1545 2336 Wunder
1560 2306 1616 2335 has
1632 2307 1677 2336 al-

902 2350 991 2388 leged
1021 2350 1103 2389 good
1135 2359 1262 2379 reasons
1291 2350 1415 2389 against
1453 2349 1677 2379 it.—·1‘laucii

901 2403 961 2422 vox
980 2393 999 2422 :’
1038 2392 1183 2422 Plancius
1214 2392 1268 2422 the
1300 2392 1412 2427 father,
1443 2402 1477 2421 as
1513 2392 1677 2422 Manutius

902 2445 982 2475 says.

940 2479 1069 2516 primus
1097 2478 1191 2507 scivit
1219 2477 1332 2517 leqem]
1382 2477 1451 2506 The
1477 2476 1581 2506 Schol.
1599 2477 1677 2506 Am-

902 2520 986 2550 bros
1003 2521 1099 2550 refers
1115 2524 1148 2549 to
1165 2520 1212 2549 his
1236 2524 1321 2555 note,
1343 2520 1444 2549 which
1461 2520 1486 2548 is
1503 2519 1618 2558 quoted
1636 2529 1677 2548 on

903 2572 929 2592 c.
956 2564 1002 2597 13,
1025 2563 1085 2592 and
1102 2563 1178 2592 adds
1195 2562 1265 2592 that
1282 2563 1372 2593 when
1395 2563 1510 2591 Cacsar
1525 2572 1586 2590 was
1603 2572 1676 2590 con-

903 2605 951 2634 sul
967 2605 1007 2635 he
1022 2609 1075 2644 got
1091 2616 1110 2634 a
1127 2605 1190 2634 Lex
1209 2605 1320 2644 passed
1344 2605 1445 2634 which
1467 2604 1600 2634 relievcd
1624 2603 1678 2632 tho

906 2647 1077 2677 Publicani.
1125 2648 1294 2677 Suetonius
1317 2647 1456 2686 (Cacsar,
1481 2657 1507 2676 c.
1531 2647 1585 2678 20)
1608 2646 1677 2674 tells

904 2699 941 2719 us
957 2690 1040 2719 what
1063 2690 1087 2719 it
1109 2700 1189 2719 was:
1216 2693 1234 2706 ⁴¹
1250 2690 1435 2719 Publicanos
1462 2689 1676 2718 remissionem

904 2736 1046 2770 petentes
1072 2733 1165 2762 tertia
1195 2733 1371 2762 mercedum
1399 2736 1487 2771 parte
1510 2730 1676 2763 roh-ravin

903 2784 939 2804 ac
955 2785 995 2804 nc
1011 2775 1042 2804 in
1059 2775 1213 2804 locatione
1229 2785 1381 2804 novorum
1407 2773 1599 2810 vectigalium
1619 2771 1677 2799 im-

905 2817 1096 2846 moderatius
1124 2817 1302 2851 lhrcrentur,
1331 2816 1490 2855 propalam
1520 2811 1675 2842 monuitss'

906 2859 1056 2889 Garatoni
1082 2860 1168 2898 gives
1198 2860 1252 2888 the
1277 2859 1377 2888 whole
1409 2858 1525 2894 history
1557 2854 1591 2882 uf
1615 2854 1676 2901 this

906 2905 1020 2932 matter
1038 2906 1071 2932 at
1086 2906 1174 2942 great
1194 2901 1314 2941 length.
1360 2900 1468 2930 Cicero
1486 2897 1549 2936 (Ad
1571 2897 1637 2925 Att·
1655 2905 1675 2925 ¹.
