<?xml version="1.0" encoding="UTF-8"?>
<!DOCTYPE html PUBLIC "-//W3C//DTD XHTML 1.0 Transitional//EN"
    "http://www.w3.org/TR/xhtml1/DTD/xhtml1-transitional.dtd">
<html xmlns="http://www.w3.org/1999/xhtml" xml:lang="en" lang="en">
 <head>
  <title>
</title>
<meta http-equiv="Content-Type" content="text/html;charset=utf-8" />
  <meta name='ocr-system' content='tesseract 3.04.00' />
  <meta name='ocr-capabilities' content='ocr_page ocr_carea ocr_par ocr_line ocrx_word'/>
</head>
<body>
  <div class='ocr_page' id='page_1' title='image "./orationeswithcom04ciceuoft/orationeswithcom04ciceuoft_0489.png"; bbox 0 0 1816 3211; ppageno 0'>
   <div class='ocr_carea' id='block_1_1' title="bbox 32 186 1658 1917">
    <p class='ocr_par' dir='ltr' id='par_1_1' title="bbox 32 186 1658 1917">
     <span class='ocr_line' id='line_1_1' title="bbox 708 186 1658 237; baseline 0.007 -8"><span class='ocrx_word' id='word_1_1' title='bbox 708 186 841 229; x_wconf 86' lang='lat' dir='ltr'>OAP.</span> <span class='ocrx_word' id='word_1_2' title='bbox 875 188 999 230; x_wconf 84' lang='lat'>6—-8,</span> <span class='ocrx_word' id='word_1_3' title='bbox 1573 195 1658 237; x_wconf 84' lang='lat'>467</span> 
     </span>
     <span class='ocr_line' id='line_1_2' title="bbox 56 299 1653 357; baseline 0.004 -15"><span class='ocrx_word' id='word_1_4' title='bbox 56 300 406 357; x_wconf 78' lang='lat' dir='ltr'>quemadmodum</span> <span class='ocrx_word' id='word_1_5' title='bbox 436 300 524 355; x_wconf 89' lang='lat' dir='ltr'>ipse</span> <span class='ocrx_word' id='word_1_6' title='bbox 556 299 749 342; x_wconf 81' lang='lat' dir='ltr'>Caesaris</span> <span class='ocrx_word' id='word_1_7' title='bbox 778 306 877 344; x_wconf 86' lang='lat' dir='ltr'>aeta</span> <span class='ocrx_word' id='word_1_8' title='bbox 907 302 1164 344; x_wconf 89' lang='lat' dir='ltr'>defenderet.</span> <span class='ocrx_word' id='word_1_9' title='bbox 1226 303 1298 344; x_wconf 90' lang='lat' dir='ltr'>An</span> <span class='ocrx_word' id='word_1_10' title='bbox 1326 303 1368 345; x_wconf 89' lang='lat' dir='ltr'>in</span> <span class='ocrx_word' id='word_1_11' title='bbox 1399 312 1653 348; x_wconf 86' lang='lat' dir='ltr'>commenta-</span> 
     </span>
     <span class='ocr_line' id='line_1_3' title="bbox 53 366 1652 424; baseline 0.003 -17"><span class='ocrx_word' id='word_1_12' title='bbox 53 367 167 407; x_wconf 88' lang='lat' dir='ltr'>riolis</span> <span class='ocrx_word' id='word_1_13' title='bbox 198 371 242 408; x_wconf 91' lang='lat' dir='ltr'>et</span> <span class='ocrx_word' id='word_1_14' title='bbox 274 366 563 422; x_wconf 81' lang='lat' dir='ltr'>chirographis</span> <span class='ocrx_word' id='word_1_15' title='bbox 595 370 639 407; x_wconf 92' lang='lat' dir='ltr'>et</span> <span class='ocrx_word' id='word_1_16' title='bbox 677 366 825 407; x_wconf 80' lang='lat' dir='ltr'>libellis</span> <span class='ocrx_word' id='word_1_17' title='bbox 859 381 904 407; x_wconf 91' lang='lat' dir='ltr'>se</span> <span class='ocrx_word' id='word_1_18' title='bbox 937 382 1020 408; x_wconf 90' lang='lat' dir='ltr'>uno</span> <span class='ocrx_word' id='word_1_19' title='bbox 1052 373 1225 410; x_wconf 88' lang='lat' dir='ltr'>auctore</span> <span class='ocrx_word' id='word_1_20' title='bbox 1257 369 1444 424; x_wconf 85' lang='lat' dir='ltr'>prolatis,</span> <span class='ocrx_word' id='word_1_21' title='bbox 1475 371 1563 424; x_wconf 87' lang='lat' dir='ltr'>[ac]</span> <span class='ocrx_word' id='word_1_22' title='bbox 1599 387 1652 413; x_wconf 90' lang='lat' dir='ltr'>ne</span> 
     </span>
     <span class='ocr_line' id='line_1_4' title="bbox 52 431 1648 486; baseline 0.004 -15"><span class='ocrx_word' id='word_1_23' title='bbox 52 431 226 486; x_wconf 86' lang='lat' dir='ltr'>prolatis</span> <span class='ocrx_word' id='word_1_24' title='bbox 247 431 425 486; x_wconf 81' lang='lat' dir='ltr'>quidem,</span> <span class='ocrx_word' id='word_1_25' title='bbox 451 431 524 472; x_wconf 89' lang='lat' dir='ltr'>sed</span> <span class='ocrx_word' id='word_1_26' title='bbox 545 431 837 472; x_wconf 88' lang='lat' dir='ltr'>tantummodo</span> <span class='ocrx_word' id='word_1_27' title='bbox 861 432 998 482; x_wconf 88' lang='lat' dir='ltr'>dictis,</span> <span class='ocrx_word' id='word_1_28' title='bbox 1016 438 1113 474; x_wconf 87' lang='lat' dir='ltr'>acta</span> <span class='ocrx_word' id='word_1_29' title='bbox 1135 433 1327 475; x_wconf 81' lang='lat' dir='ltr'>Caesaris</span> <span class='ocrx_word' id='word_1_30' title='bbox 1357 435 1478 475; x_wconf 86' lang='lat' dir='ltr'>firma</span> <span class='ocrx_word' id='word_1_31' title='bbox 1499 443 1648 483; x_wconf 71' lang='lat' dir='ltr'>erunt,</span> 
     </span>
     <span class='ocr_line' id='line_1_5' title="bbox 52 495 1650 554; baseline 0.002 -18"><span class='ocrx_word' id='word_1_32' title='bbox 52 511 158 551; x_wconf 90' lang='lat' dir='ltr'>quae</span> <span class='ocrx_word' id='word_1_33' title='bbox 180 496 247 536; x_wconf 92' lang='lat' dir='ltr'>ille</span> <span class='ocrx_word' id='word_1_34' title='bbox 269 495 310 536; x_wconf 91' lang='lat' dir='ltr'>in</span> <span class='ocrx_word' id='word_1_35' title='bbox 332 510 403 536; x_wconf 90' lang='lat' dir='ltr'>aes</span> <span class='ocrx_word' id='word_1_36' title='bbox 424 495 583 544; x_wconf 88' lang='lat' dir='ltr'>incidit,</span> <span class='ocrx_word' id='word_1_37' title='bbox 607 495 649 536; x_wconf 92' lang='lat' dir='ltr'>in</span> <span class='ocrx_word' id='word_1_38' title='bbox 671 511 752 550; x_wconf 90' lang='lat' dir='ltr'>quo</span> <span class='ocrx_word' id='word_1_39' title='bbox 773 497 914 551; x_wconf 90' lang='lat' dir='ltr'>populi</span> <span class='ocrx_word' id='word_1_40' title='bbox 938 497 1057 551; x_wconf 88' lang='lat' dir='ltr'>jussa</span> <span class='ocrx_word' id='word_1_41' title='bbox 1084 504 1391 554; x_wconf 88' lang='lat' dir='ltr'>perpetuasque</span> <span class='ocrx_word' id='word_1_42' title='bbox 1418 500 1533 554; x_wconf 77' lang='lat' dir='ltr'>leges</span> <span class='ocrx_word' id='word_1_43' title='bbox 1558 516 1650 543; x_wconf 65' lang='lat' dir='ltr'>esse</span> 
     </span>
     <span class='ocr_line' id='line_1_6' title="bbox 49 558 1649 614; baseline 0.003 -14"><span class='ocrx_word' id='word_1_44' title='bbox 49 559 194 605; x_wconf 87' lang='lat' dir='ltr'>voluit,</span> <span class='ocrx_word' id='word_1_45' title='bbox 227 573 302 614; x_wconf 86' lang='lat' dir='ltr'>pro</span> <span class='ocrx_word' id='word_1_46' title='bbox 338 558 465 599; x_wconf 90' lang='lat' dir='ltr'>nihilo</span> <span class='ocrx_word' id='word_1_47' title='bbox 500 559 793 599; x_wconf 68' lang='lat' dir='ltr'>habebuntur}</span> <span class='ocrx_word' id='word_1_48' title='bbox 855 559 1063 614; x_wconf 84' lang='lat' dir='ltr'>Equidem</span> <span class='ocrx_word' id='word_1_49' title='bbox 1095 561 1155 602; x_wconf 89' lang='lat' dir='ltr'>sic</span> <span class='ocrx_word' id='word_1_50' title='bbox 1189 561 1396 611; x_wconf 83' lang='lat' dir='ltr'>existimo,</span> <span class='ocrx_word' id='word_1_51' title='bbox 1430 563 1532 603; x_wconf 88' lang='lat' dir='ltr'>nihil</span> <span class='ocrx_word' id='word_1_52' title='bbox 1560 570 1649 605; x_wconf 89' lang='lat' dir='ltr'>tam</span> 
     </span>
     <span class='ocr_line' id='line_1_7' title="bbox 49 622 1649 683; baseline 0.004 -20"><span class='ocrx_word' id='word_1_53' title='bbox 49 637 142 664; x_wconf 90' lang='lat' dir='ltr'>esse</span> <span class='ocrx_word' id='word_1_54' title='bbox 175 623 217 663; x_wconf 92' lang='lat' dir='ltr'>in</span> <span class='ocrx_word' id='word_1_55' title='bbox 251 623 361 664; x_wconf 87' lang='lat' dir='ltr'>actis</span> <span class='ocrx_word' id='word_1_56' title='bbox 390 622 584 663; x_wconf 80' lang='lat' dir='ltr'>Caesaris</span> <span class='ocrx_word' id='word_1_57' title='bbox 616 638 740 677; x_wconf 88' lang='lat' dir='ltr'>quam</span> <span class='ocrx_word' id='word_1_58' title='bbox 773 623 887 678; x_wconf 83' lang='lat' dir='ltr'>leges</span> <span class='ocrx_word' id='word_1_59' title='bbox 915 624 1122 666; x_wconf 77' lang='lat' dir='ltr'>Caesaris.</span> <span class='ocrx_word' id='word_1_60' title='bbox 1184 626 1256 666; x_wconf 88' lang='lat' dir='ltr'>An</span> <span class='ocrx_word' id='word_1_61' title='bbox 1288 627 1323 667; x_wconf 93' lang='lat' dir='ltr'>si</span> <span class='ocrx_word' id='word_1_62' title='bbox 1355 628 1422 668; x_wconf 89' lang='lat' dir='ltr'>cui</span> <span class='ocrx_word' id='word_1_63' title='bbox 1450 629 1549 683; x_wconf 92' lang='lat' dir='ltr'>quid</span> <span class='ocrx_word' id='word_1_64' title='bbox 1581 629 1649 670; x_wconf 93' lang='lat' dir='ltr'>ille</span> 
     </span>
     <span class='ocr_line' id='line_1_8' title="bbox 47 687 1648 747; baseline 0.005 -19"><span class='ocrx_word' id='word_1_65' title='bbox 47 688 251 743; x_wconf 83' lang='lat' dir='ltr'>promisit,</span> <span class='ocrx_word' id='word_1_66' title='bbox 287 688 330 728; x_wconf 88' lang='lat' dir='ltr'>id</span> <span class='ocrx_word' id='word_1_67' title='bbox 365 688 446 729; x_wconf 88' lang='lat' dir='ltr'>erit</span> <span class='ocrx_word' id='word_1_68' title='bbox 480 687 620 736; x_wconf 85' lang='lat' dir='ltr'>fixum,</span> <span class='ocrx_word' id='word_1_69' title='bbox 651 688 763 743; x_wconf 89' lang='lat' dir='ltr'>quod</span> <span class='ocrx_word' id='word_1_70' title='bbox 795 689 903 730; x_wconf 87' lang='lat' dir='ltr'>idem</span> <span class='ocrx_word' id='word_1_71' title='bbox 935 690 1073 731; x_wconf 87' lang='lat' dir='ltr'>facere</span> <span class='ocrx_word' id='word_1_72' title='bbox 1108 706 1191 732; x_wconf 91' lang='lat' dir='ltr'>non</span> <span class='ocrx_word' id='word_1_73' title='bbox 1227 693 1393 747; x_wconf 72' lang='lat' dir='ltr'>potuit?</span> <span class='ocrx_word' id='word_1_74' title='bbox 1426 701 1473 734; x_wconf 90' lang='lat' dir='ltr'>ut</span> <span class='ocrx_word' id='word_1_75' title='bbox 1503 695 1648 736; x_wconf 87' lang='lat' dir='ltr'>multis</span> 
     </span>
     <span class='ocr_line' id='line_1_9' title="bbox 46 752 1646 812; baseline 0.004 -18"><span class='ocrx_word' id='word_1_76' title='bbox 46 754 181 794; x_wconf 87' lang='lat' dir='ltr'>multa</span> <span class='ocrx_word' id='word_1_77' title='bbox 211 752 418 808; x_wconf 87' lang='lat' dir='ltr'>promissa</span> <span class='ocrx_word' id='word_1_78' title='bbox 449 767 532 793; x_wconf 89' lang='lat' dir='ltr'>non</span> <span class='ocrx_word' id='word_1_79' title='bbox 564 752 678 793; x_wconf 88' lang='lat' dir='ltr'>fecit.</span> <span class='ocrx_word' id='word_1_80' title='bbox 741 753 857 804; x_wconf 86' lang='lat' dir='ltr'>Quae</span> <span class='ocrx_word' id='word_1_81' title='bbox 889 759 1032 795; x_wconf 89' lang='lat' dir='ltr'>tamen</span> <span class='ocrx_word' id='word_1_82' title='bbox 1067 757 1198 797; x_wconf 89' lang='lat' dir='ltr'>multo</span> <span class='ocrx_word' id='word_1_83' title='bbox 1232 757 1349 812; x_wconf 91' lang='lat' dir='ltr'>plura</span> <span class='ocrx_word' id='word_1_84' title='bbox 1382 758 1450 799; x_wconf 92' lang='lat' dir='ltr'>illo</span> <span class='ocrx_word' id='word_1_85' title='bbox 1479 765 1646 801; x_wconf 90' lang='lat' dir='ltr'>mortuo</span> 
     </span>
     <span class='ocr_line' id='line_1_10' title="bbox 45 817 1645 874; baseline 0.004 -15"><span class='ocrx_word' id='word_1_86' title='bbox 45 824 215 874; x_wconf 87' lang='lat' dir='ltr'>reperta</span> <span class='ocrx_word' id='word_1_87' title='bbox 235 822 335 859; x_wconf 90' lang='lat' dir='ltr'>sunt</span> <span class='ocrx_word' id='word_1_88' title='bbox 354 832 479 873; x_wconf 90' lang='lat' dir='ltr'>quam</span> <span class='ocrx_word' id='word_1_89' title='bbox 500 832 525 858; x_wconf 89' lang='lat' dir='ltr'>a</span> <span class='ocrx_word' id='word_1_90' title='bbox 542 817 634 858; x_wconf 92' lang='lat' dir='ltr'>vivo</span> <span class='ocrx_word' id='word_1_91' title='bbox 657 818 859 859; x_wconf 85' lang='lat' dir='ltr'>beneficia</span> <span class='ocrx_word' id='word_1_92' title='bbox 879 833 953 874; x_wconf 90' lang='lat' dir='ltr'>per</span> <span class='ocrx_word' id='word_1_93' title='bbox 974 835 1118 861; x_wconf 92' lang='lat' dir='ltr'>omnes</span> <span class='ocrx_word' id='word_1_94' title='bbox 1137 836 1269 863; x_wconf 90' lang='lat' dir='ltr'>annos</span> <span class='ocrx_word' id='word_1_95' title='bbox 1286 823 1446 864; x_wconf 85' lang='lat' dir='ltr'>tributa</span> <span class='ocrx_word' id='word_1_96' title='bbox 1467 830 1510 865; x_wconf 92' lang='lat' dir='ltr'>et</span> <span class='ocrx_word' id='word_1_97' title='bbox 1531 825 1645 866; x_wconf 89' lang='lat' dir='ltr'>data.</span> 
     </span>
     <span class='ocr_line' id='line_1_11' title="bbox 49 883 1645 944; baseline 0.004 -20"><span class='ocrx_word' id='word_1_98' title='bbox 49 883 132 924; x_wconf 90' lang='lat' dir='ltr'>Sed</span> <span class='ocrx_word' id='word_1_99' title='bbox 160 898 210 925; x_wconf 89' lang='lat' dir='ltr'>ea</span> <span class='ocrx_word' id='word_1_100' title='bbox 234 898 317 924; x_wconf 88' lang='lat' dir='ltr'>non</span> <span class='ocrx_word' id='word_1_101' title='bbox 347 887 474 933; x_wconf 85' lang='lat' dir='ltr'>muto,</span> <span class='ocrx_word' id='word_1_102' title='bbox 505 897 588 923; x_wconf 90' lang='lat' dir='ltr'>non</span> <span class='ocrx_word' id='word_1_103' title='bbox 608 897 780 924; x_wconf 84' lang='lat' dir='ltr'>moveo:</span> <span class='ocrx_word' id='word_1_104' title='bbox 815 898 978 925; x_wconf 87' lang='lat' dir='ltr'>summo</span> <span class='ocrx_word' id='word_1_105' title='bbox 1013 885 1181 941; x_wconf 83' lang='lat' dir='ltr'>[etiam]</span> <span class='ocrx_word' id='word_1_106' title='bbox 1215 887 1355 928; x_wconf 87' lang='lat' dir='ltr'>studio</span> <span class='ocrx_word' id='word_1_107' title='bbox 1383 888 1493 929; x_wconf 89' lang='lat' dir='ltr'>illius</span> <span class='ocrx_word' id='word_1_108' title='bbox 1524 903 1645 944; x_wconf 87' lang='lat' dir='ltr'>prae-</span> 
     </span>
     <span class='ocr_line' id='line_1_12' title="bbox 45 948 1644 1005; baseline 0.004 -16"><span class='ocrx_word' id='word_1_109' title='bbox 45 950 156 990; x_wconf 87' lang='lat' dir='ltr'>clara</span> <span class='ocrx_word' id='word_1_110' title='bbox 183 953 280 990; x_wconf 86' lang='lat' dir='ltr'>acta</span> <span class='ocrx_word' id='word_1_111' title='bbox 310 948 500 989; x_wconf 89' lang='lat' dir='ltr'>defendo.</span> <span class='ocrx_word' id='word_1_112' title='bbox 564 948 750 989; x_wconf 82' lang='lat' dir='ltr'>Pecunia</span> <span class='ocrx_word' id='word_1_113' title='bbox 771 949 932 989; x_wconf 87' lang='lat' dir='ltr'>utinam</span> <span class='ocrx_word' id='word_1_114' title='bbox 952 950 1007 990; x_wconf 88' lang='lat' dir='ltr'>ad</span> <span class='ocrx_word' id='word_1_115' title='bbox 1030 950 1134 1005; x_wconf 88' lang='lat' dir='ltr'>Opis</span> <span class='ocrx_word' id='word_1_116' title='bbox 1154 957 1353 1003; x_wconf 87' lang='lat' dir='ltr'>maneret,</span> <span class='ocrx_word' id='word_1_117' title='bbox 1378 958 1554 994; x_wconf 91' lang='lat' dir='ltr'>cruenta</span> <span class='ocrx_word' id='word_1_118' title='bbox 1575 954 1644 995; x_wconf 89' lang='lat' dir='ltr'>illa</span> 
     </span>
     <span class='ocr_line' id='line_1_13' title="bbox 44 1013 1640 1070; baseline 0.004 -16"><span class='ocrx_word' id='word_1_119' title='bbox 44 1014 223 1069; x_wconf 86' lang='lat' dir='ltr'>quidem,</span> <span class='ocrx_word' id='word_1_120' title='bbox 247 1014 320 1054; x_wconf 88' lang='lat' dir='ltr'>sed</span> <span class='ocrx_word' id='word_1_121' title='bbox 341 1013 404 1054; x_wconf 89' lang='lat' dir='ltr'>his</span> <span class='ocrx_word' id='word_1_122' title='bbox 425 1014 697 1068; x_wconf 79' lang='lat' dir='ltr'>temporibus,</span> <span class='ocrx_word' id='word_1_123' title='bbox 721 1013 918 1068; x_wconf 87' lang='lat' dir='ltr'>quoniam</span> <span class='ocrx_word' id='word_1_124' title='bbox 947 1014 998 1055; x_wconf 90' lang='lat' dir='ltr'>iis</span> <span class='ocrx_word' id='word_1_125' title='bbox 1028 1030 1204 1070; x_wconf 88' lang='lat' dir='ltr'>quorum</span> <span class='ocrx_word' id='word_1_126' title='bbox 1234 1023 1300 1058; x_wconf 91' lang='lat' dir='ltr'>est</span> <span class='ocrx_word' id='word_1_127' title='bbox 1327 1032 1410 1058; x_wconf 91' lang='lat' dir='ltr'>non</span> <span class='ocrx_word' id='word_1_128' title='bbox 1440 1019 1640 1069; x_wconf 83' lang='lat' dir='ltr'>redditur,</span> 
     </span>
     <span class='ocr_line' id='line_1_14' title="bbox 42 1079 1641 1134; baseline 0.003 -14"><span class='ocrx_word' id='word_1_129' title='bbox 42 1079 292 1121; x_wconf 87' lang='lat' dir='ltr'>necessaria.</span> <span class='ocrx_word' id='word_1_130' title='bbox 355 1079 617 1134; x_wconf 73' lang='lat' dir='ltr'>Quamquam</span> <span class='ocrx_word' id='word_1_131' title='bbox 643 1093 692 1119; x_wconf 90' lang='lat' dir='ltr'>ea</span> <span class='ocrx_word' id='word_1_132' title='bbox 720 1094 884 1134; x_wconf 92' lang='lat' dir='ltr'>quoque</span> <span class='ocrx_word' id='word_1_133' title='bbox 916 1080 973 1121; x_wconf 88' lang='lat' dir='ltr'>sit</span> <span class='ocrx_word' id='word_1_134' title='bbox 1010 1081 1152 1131; x_wconf 80' lang='lat' dir='ltr'>effusa,</span> <span class='ocrx_word' id='word_1_135' title='bbox 1182 1082 1216 1123; x_wconf 89' lang='lat' dir='ltr'>si</span> <span class='ocrx_word' id='word_1_136' title='bbox 1250 1082 1311 1124; x_wconf 89' lang='lat' dir='ltr'>ita</span> <span class='ocrx_word' id='word_1_137' title='bbox 1339 1083 1379 1123; x_wconf 91' lang='lat' dir='ltr'>in</span> <span class='ocrx_word' id='word_1_138' title='bbox 1407 1084 1516 1125; x_wconf 88' lang='lat' dir='ltr'>actis</span> <span class='ocrx_word' id='word_1_139' title='bbox 1547 1084 1641 1126; x_wconf 90' lang='lat' dir='ltr'>fuit.</span> 
     </span>
     <span class='ocr_line' id='line_1_15' title="bbox 45 1144 1641 1204; baseline 0.004 -19"><span class='ocrx_word' id='word_1_140' title='bbox 45 1144 210 1200; x_wconf 91' lang='lat' dir='ltr'>Ecquid</span> <span class='ocrx_word' id='word_1_141' title='bbox 241 1150 308 1186; x_wconf 88' lang='lat' dir='ltr'>est</span> <span class='ocrx_word' id='word_1_142' title='bbox 339 1144 452 1199; x_wconf 90' lang='lat' dir='ltr'>quod</span> <span class='ocrx_word' id='word_1_143' title='bbox 483 1150 572 1185; x_wconf 88' lang='lat' dir='ltr'>tam</span> <span class='ocrx_word' id='word_1_144' title='bbox 603 1144 771 1199; x_wconf 87' lang='lat' dir='ltr'>proprie</span> <span class='ocrx_word' id='word_1_145' title='bbox 800 1144 881 1185; x_wconf 85' lang='lat' dir='ltr'>dici</span> <span class='ocrx_word' id='word_1_146' title='bbox 909 1146 1045 1200; x_wconf 87' lang='lat' dir='ltr'>possit</span> <span class='ocrx_word' id='word_1_147' title='bbox 1074 1152 1217 1188; x_wconf 90' lang='lat' dir='ltr'>actum</span> <span class='ocrx_word' id='word_1_148' title='bbox 1239 1148 1342 1202; x_wconf 81' lang='lat' dir='ltr'>ejus,</span> <span class='ocrx_word' id='word_1_149' title='bbox 1366 1148 1435 1203; x_wconf 90' lang='lat' dir='ltr'>qui</span> <span class='ocrx_word' id='word_1_150' title='bbox 1466 1154 1641 1204; x_wconf 82' lang='lat' dir='ltr'>togatus</span> 
     </span>
     <span class='ocr_line' id='line_1_16' title="bbox 42 1209 1638 1269; baseline 0.004 -20"><span class='ocrx_word' id='word_1_151' title='bbox 42 1209 84 1250; x_wconf 93' lang='lat' dir='ltr'>in</span> <span class='ocrx_word' id='word_1_152' title='bbox 117 1224 162 1250; x_wconf 86' lang='lat' dir='ltr'>re</span> <span class='ocrx_word' id='word_1_153' title='bbox 192 1209 358 1265; x_wconf 88' lang='lat' dir='ltr'>publica</span> <span class='ocrx_word' id='word_1_154' title='bbox 388 1224 483 1249; x_wconf 90' lang='lat' dir='ltr'>cum</span> <span class='ocrx_word' id='word_1_155' title='bbox 517 1214 731 1264; x_wconf 78' lang='lat' dir='ltr'>potestate</span> <span class='ocrx_word' id='word_1_156' title='bbox 767 1209 1022 1265; x_wconf 90' lang='lat' dir='ltr'>imperioque</span> <span class='ocrx_word' id='word_1_157' title='bbox 1057 1217 1248 1253; x_wconf 87' lang='lat' dir='ltr'>versatus</span> <span class='ocrx_word' id='word_1_158' title='bbox 1284 1213 1350 1263; x_wconf 90' lang='lat' dir='ltr'>sit,</span> <span class='ocrx_word' id='word_1_159' title='bbox 1387 1228 1511 1269; x_wconf 88' lang='lat' dir='ltr'>quam</span> <span class='ocrx_word' id='word_1_160' title='bbox 1543 1215 1638 1256; x_wconf 71' lang='lat' dir='ltr'>lex?</span> 
     </span>
     <span class='ocr_line' id='line_1_17' title="bbox 45 1274 1640 1332; baseline 0.003 -17"><span class='ocrx_word' id='word_1_161' title='bbox 45 1274 208 1326; x_wconf 78' lang='lat' dir='ltr'>Quaere</span> <span class='ocrx_word' id='word_1_162' title='bbox 257 1279 355 1315; x_wconf 87' lang='lat' dir='ltr'>acta</span> <span class='ocrx_word' id='word_1_163' title='bbox 405 1274 609 1315; x_wconf 83' lang='lat' dir='ltr'>Gracchi:</span> <span class='ocrx_word' id='word_1_164' title='bbox 654 1274 770 1328; x_wconf 85' lang='lat' dir='ltr'>leges</span> <span class='ocrx_word' id='word_1_165' title='bbox 813 1274 1082 1329; x_wconf 86' lang='lat' dir='ltr'>Semproniae</span> <span class='ocrx_word' id='word_1_166' title='bbox 1123 1277 1400 1332; x_wconf 86' lang='lat' dir='ltr'>proferentur.</span> <span class='ocrx_word' id='word_1_167' title='bbox 1477 1280 1640 1332; x_wconf 81' lang='lat' dir='ltr'>Quaere</span> 
     </span>
     <span class='ocr_line' id='line_1_18' title="bbox 45 1338 1634 1395; baseline 0.003 -15"><span class='ocrx_word' id='word_1_168' title='bbox 45 1340 209 1381; x_wconf 84' lang='lat' dir='ltr'>Sullae:</span> <span class='ocrx_word' id='word_1_169' title='bbox 260 1339 494 1381; x_wconf 82' lang='lat' dir='ltr'>Corneliae.</span> <span class='ocrx_word' id='word_1_170' title='bbox 574 1338 697 1390; x_wconf 80' lang='lat' dir='ltr'>Quid,</span> <span class='ocrx_word' id='word_1_171' title='bbox 741 1338 817 1379; x_wconf 90' lang='lat' dir='ltr'>Cn.</span> <span class='ocrx_word' id='word_1_172' title='bbox 862 1338 1052 1395; x_wconf 89' lang='lat' dir='ltr'>Pompeii</span> <span class='ocrx_word' id='word_1_173' title='bbox 1099 1341 1252 1382; x_wconf 86' lang='lat' dir='ltr'>tertius</span> <span class='ocrx_word' id='word_1_174' title='bbox 1296 1344 1540 1385; x_wconf 90' lang='lat' dir='ltr'>consulatus</span> <span class='ocrx_word' id='word_1_175' title='bbox 1592 1344 1634 1385; x_wconf 91' lang='lat' dir='ltr'>in</span> 
     </span>
     <span class='ocr_line' id='line_1_19' title="bbox 42 1403 1636 1464; baseline 0.003 -19"><span class='ocrx_word' id='word_1_176' title='bbox 42 1405 193 1460; x_wconf 91' lang='lat' dir='ltr'>quibus</span> <span class='ocrx_word' id='word_1_177' title='bbox 214 1404 322 1445; x_wconf 89' lang='lat' dir='ltr'>actis</span> <span class='ocrx_word' id='word_1_178' title='bbox 344 1404 564 1445; x_wconf 67' lang='lat' dir='ltr'>constitit?</span> <span class='ocrx_word' id='word_1_179' title='bbox 585 1418 734 1458; x_wconf 82' lang='lat' dir='ltr'>nempe</span> <span class='ocrx_word' id='word_1_180' title='bbox 756 1403 795 1444; x_wconf 92' lang='lat' dir='ltr'>in</span> <span class='ocrx_word' id='word_1_181' title='bbox 817 1403 994 1458; x_wconf 85' lang='lat' dir='ltr'>legibus.</span> <span class='ocrx_word' id='word_1_182' title='bbox 1056 1405 1122 1446; x_wconf 93' lang='lat' dir='ltr'>De</span> <span class='ocrx_word' id='word_1_183' title='bbox 1141 1407 1320 1448; x_wconf 85' lang='lat' dir='ltr'>Caesare</span> <span class='ocrx_word' id='word_1_184' title='bbox 1341 1407 1432 1463; x_wconf 89' lang='lat' dir='ltr'>ipso</span> <span class='ocrx_word' id='word_1_185' title='bbox 1453 1409 1487 1449; x_wconf 90' lang='lat' dir='ltr'>si</span> <span class='ocrx_word' id='word_1_186' title='bbox 1509 1424 1636 1464; x_wconf 88' lang='lat' dir='ltr'>quae-</span> 
     </span>
     <span class='ocr_line' id='line_1_20' title="bbox 39 1469 1636 1528; baseline 0.003 -18"><span class='ocrx_word' id='word_1_187' title='bbox 39 1485 165 1520; x_wconf 84' lang='lat' dir='ltr'>reres,</span> <span class='ocrx_word' id='word_1_188' title='bbox 189 1469 387 1525; x_wconf 87' lang='lat' dir='ltr'>quidnam</span> <span class='ocrx_word' id='word_1_189' title='bbox 409 1469 568 1524; x_wconf 76' lang='lat' dir='ltr'>egisset</span> <span class='ocrx_word' id='word_1_190' title='bbox 589 1469 630 1509; x_wconf 92' lang='lat' dir='ltr'>in</span> <span class='ocrx_word' id='word_1_191' title='bbox 651 1470 753 1509; x_wconf 90' lang='lat' dir='ltr'>urbe</span> <span class='ocrx_word' id='word_1_192' title='bbox 775 1474 818 1510; x_wconf 89' lang='lat' dir='ltr'>et</span> <span class='ocrx_word' id='word_1_193' title='bbox 845 1469 887 1509; x_wconf 89' lang='lat' dir='ltr'>in</span> <span class='ocrx_word' id='word_1_194' title='bbox 909 1476 1022 1524; x_wconf 84' lang='lat' dir='ltr'>toga,</span> <span class='ocrx_word' id='word_1_195' title='bbox 1045 1470 1159 1525; x_wconf 82' lang='lat' dir='ltr'>leges</span> <span class='ocrx_word' id='word_1_196' title='bbox 1187 1472 1340 1513; x_wconf 88' lang='lat' dir='ltr'>multas</span> <span class='ocrx_word' id='word_1_197' title='bbox 1360 1475 1636 1528; x_wconf 82' lang='lat' dir='ltr'>responderet</span> 
     </span>
     <span class='ocr_line' id='line_1_21' title="bbox 38 1534 1637 1589; baseline 0.003 -13"><span class='ocrx_word' id='word_1_198' title='bbox 38 1549 84 1576; x_wconf 88' lang='lat' dir='ltr'>se</span> <span class='ocrx_word' id='word_1_199' title='bbox 119 1541 162 1576; x_wconf 90' lang='lat' dir='ltr'>et</span> <span class='ocrx_word' id='word_1_200' title='bbox 194 1534 431 1589; x_wconf 86' lang='lat' dir='ltr'>praeclaras</span> <span class='ocrx_word' id='word_1_201' title='bbox 466 1534 639 1581; x_wconf 89' lang='lat' dir='ltr'>tulisse;</span> <span class='ocrx_word' id='word_1_202' title='bbox 680 1534 957 1589; x_wconf 81' lang='lat' dir='ltr'>chirographa</span> <span class='ocrx_word' id='word_1_203' title='bbox 984 1550 1080 1576; x_wconf 88' lang='lat' dir='ltr'>vero</span> <span class='ocrx_word' id='word_1_204' title='bbox 1116 1541 1190 1577; x_wconf 88' lang='lat' dir='ltr'>aut</span> <span class='ocrx_word' id='word_1_205' title='bbox 1225 1543 1411 1579; x_wconf 87' lang='lat' dir='ltr'>mutaret</span> <span class='ocrx_word' id='word_1_206' title='bbox 1446 1544 1520 1580; x_wconf 89' lang='lat' dir='ltr'>aut</span> <span class='ocrx_word' id='word_1_207' title='bbox 1552 1554 1637 1580; x_wconf 90' lang='lat' dir='ltr'>non</span> 
     </span>
     <span class='ocr_line' id='line_1_22' title="bbox 37 1599 1635 1650; baseline 0.004 -11"><span class='ocrx_word' id='word_1_208' title='bbox 37 1600 169 1648; x_wconf 85' lang='lat' dir='ltr'>daret,</span> <span class='ocrx_word' id='word_1_209' title='bbox 201 1604 288 1650; x_wconf 90' lang='lat' dir='ltr'>aut,</span> <span class='ocrx_word' id='word_1_210' title='bbox 323 1599 358 1639; x_wconf 90' lang='lat' dir='ltr'>si</span> <span class='ocrx_word' id='word_1_211' title='bbox 394 1599 593 1649; x_wconf 87' lang='lat' dir='ltr'>dedisset,</span> <span class='ocrx_word' id='word_1_212' title='bbox 624 1614 707 1640; x_wconf 92' lang='lat' dir='ltr'>non</span> <span class='ocrx_word' id='word_1_213' title='bbox 740 1599 843 1640; x_wconf 87' lang='lat' dir='ltr'>istas</span> <span class='ocrx_word' id='word_1_214' title='bbox 870 1599 1005 1640; x_wconf 90' lang='lat' dir='ltr'>resin</span> <span class='ocrx_word' id='word_1_215' title='bbox 1040 1600 1147 1641; x_wconf 87' lang='lat' dir='ltr'>actis</span> <span class='ocrx_word' id='word_1_216' title='bbox 1181 1601 1267 1642; x_wconf 90' lang='lat' dir='ltr'>suis</span> <span class='ocrx_word' id='word_1_217' title='bbox 1300 1603 1488 1644; x_wconf 87' lang='lat' dir='ltr'>duceret.</span> <span class='ocrx_word' id='word_1_218' title='bbox 1551 1603 1635 1646; x_wconf 86' lang='lat' dir='ltr'>Sed</span> 
     </span>
     <span class='ocr_line' id='line_1_23' title="bbox 36 1664 1636 1719; baseline 0.003 -13"><span class='ocrx_word' id='word_1_219' title='bbox 36 1665 139 1706; x_wconf 85' lang='lat' dir='ltr'>haec</span> <span class='ocrx_word' id='word_1_220' title='bbox 169 1664 261 1719; x_wconf 84' lang='lat' dir='ltr'>ipsa</span> <span class='ocrx_word' id='word_1_221' title='bbox 283 1664 478 1714; x_wconf 86' lang='lat' dir='ltr'>concedo,</span> <span class='ocrx_word' id='word_1_222' title='bbox 503 1664 752 1719; x_wconf 89' lang='lat' dir='ltr'>quibusdam</span> <span class='ocrx_word' id='word_1_223' title='bbox 773 1664 900 1705; x_wconf 87' lang='lat' dir='ltr'>etiam</span> <span class='ocrx_word' id='word_1_224' title='bbox 931 1664 973 1704; x_wconf 89' lang='lat' dir='ltr'>in</span> <span class='ocrx_word' id='word_1_225' title='bbox 994 1665 1119 1705; x_wconf 88' lang='lat' dir='ltr'>rebus</span> <span class='ocrx_word' id='word_1_226' title='bbox 1141 1666 1355 1715; x_wconf 87' lang='lat' dir='ltr'>conniveo,</span> <span class='ocrx_word' id='word_1_227' title='bbox 1378 1667 1419 1707; x_wconf 92' lang='lat' dir='ltr'>in</span> <span class='ocrx_word' id='word_1_228' title='bbox 1441 1669 1636 1710; x_wconf 84' lang='lat' dir='ltr'>maximis</span> 
     </span>
     <span class='ocr_line' id='line_1_24' title="bbox 34 1729 1633 1788; baseline 0.002 -17"><span class='ocrx_word' id='word_1_229' title='bbox 34 1745 130 1771; x_wconf 90' lang='lat' dir='ltr'>vero</span> <span class='ocrx_word' id='word_1_230' title='bbox 152 1731 290 1780; x_wconf 87' lang='lat' dir='ltr'>rebus,</span> <span class='ocrx_word' id='word_1_231' title='bbox 314 1729 356 1770; x_wconf 92' lang='lat' dir='ltr'>id</span> <span class='ocrx_word' id='word_1_232' title='bbox 377 1734 443 1771; x_wconf 87' lang='lat' dir='ltr'>est</span> <span class='ocrx_word' id='word_1_233' title='bbox 463 1729 635 1784; x_wconf 84' lang='lat' dir='ltr'>legibus,</span> <span class='ocrx_word' id='word_1_234' title='bbox 659 1735 756 1771; x_wconf 86' lang='lat' dir='ltr'>acta</span> <span class='ocrx_word' id='word_1_235' title='bbox 774 1729 967 1770; x_wconf 86' lang='lat' dir='ltr'>Caesaris</span> <span class='ocrx_word' id='word_1_236' title='bbox 988 1730 1156 1771; x_wconf 88' lang='lat' dir='ltr'>dissolvi</span> <span class='ocrx_word' id='word_1_237' title='bbox 1177 1731 1392 1772; x_wconf 86' lang='lat' dir='ltr'>ferendum</span> <span class='ocrx_word' id='word_1_238' title='bbox 1414 1748 1496 1774; x_wconf 92' lang='lat' dir='ltr'>non</span> <span class='ocrx_word' id='word_1_239' title='bbox 1517 1740 1633 1788; x_wconf 87' lang='lat' dir='ltr'>puto.</span> 
     </span>
     <span class='ocr_line' id='line_1_25' title="bbox 36 1794 1634 1853; baseline 0.003 -18"><span class='ocrx_word' id='word_1_240' title='bbox 36 1795 172 1835; x_wconf 88' lang='lat' dir='ltr'>VIII.</span> <span class='ocrx_word' id='word_1_241' title='bbox 205 1795 321 1847; x_wconf 91' lang='lat' dir='ltr'>Quae</span> <span class='ocrx_word' id='word_1_242' title='bbox 355 1795 424 1835; x_wconf 85' lang='lat' dir='ltr'>lex</span> <span class='ocrx_word' id='word_1_243' title='bbox 463 1794 620 1844; x_wconf 90' lang='lat' dir='ltr'>melior,</span> <span class='ocrx_word' id='word_1_244' title='bbox 650 1795 803 1845; x_wconf 87' lang='lat' dir='ltr'>utilior,</span> <span class='ocrx_word' id='word_1_245' title='bbox 842 1794 1001 1849; x_wconf 87' lang='lat' dir='ltr'>optima</span> <span class='ocrx_word' id='word_1_246' title='bbox 1036 1795 1164 1836; x_wconf 87' lang='lat' dir='ltr'>etiam</span> <span class='ocrx_word' id='word_1_247' title='bbox 1194 1811 1239 1837; x_wconf 90' lang='lat' dir='ltr'>re</span> <span class='ocrx_word' id='word_1_248' title='bbox 1267 1797 1433 1851; x_wconf 89' lang='lat' dir='ltr'>publica</span> <span class='ocrx_word' id='word_1_249' title='bbox 1467 1799 1634 1853; x_wconf 88' lang='lat' dir='ltr'>saepius</span> 
     </span>
     <span class='ocr_line' id='line_1_26' title="bbox 32 1859 1632 1917; baseline 0.002 -16"><span class='ocrx_word' id='word_1_250' title='bbox 32 1860 235 1917; x_wconf 86' lang='lat' dir='ltr'>flagitata,</span> <span class='ocrx_word' id='word_1_251' title='bbox 273 1875 399 1915; x_wconf 86' lang='lat' dir='ltr'>quam</span> <span class='ocrx_word' id='word_1_252' title='bbox 433 1874 485 1901; x_wconf 92' lang='lat' dir='ltr'>ne</span> <span class='ocrx_word' id='word_1_253' title='bbox 519 1859 756 1915; x_wconf 87' lang='lat' dir='ltr'>praetoriae</span> <span class='ocrx_word' id='word_1_254' title='bbox 782 1859 1020 1915; x_wconf 85' lang='lat' dir='ltr'>provinciae</span> <span class='ocrx_word' id='word_1_255' title='bbox 1054 1860 1147 1915; x_wconf 90' lang='lat' dir='ltr'>plus</span> <span class='ocrx_word' id='word_1_256' title='bbox 1182 1875 1308 1916; x_wconf 85' lang='lat' dir='ltr'>quam</span> <span class='ocrx_word' id='word_1_257' title='bbox 1342 1876 1498 1903; x_wconf 88' lang='lat' dir='ltr'>annum</span> <span class='ocrx_word' id='word_1_258' title='bbox 1530 1878 1632 1905; x_wconf 90' lang='lat' dir='ltr'>neve</span> 
     </span>
    </p>
   </div>
   <div class='ocr_carea' id='block_1_2' title="bbox 75 1972 1626 2014">
    <p class='ocr_par' dir='ltr' id='par_1_2' title="bbox 75 1972 1626 2014">
     <span class='ocr_line' id='line_1_27' title="bbox 75 1972 1626 2014; baseline 0.001 -12"><span class='ocrx_word' id='word_1_259' title='bbox 75 1972 315 2012; x_wconf 73' lang='lat' dir='ltr'>ehiroqraplzis]</span> <span class='ocrx_word' id='word_1_260' title='bbox 365 1972 424 2002; x_wconf 89' lang='lat' dir='ltr'>See</span> <span class='ocrx_word' id='word_1_261' title='bbox 453 1972 545 2002; x_wconf 88' lang='lat' dir='ltr'>Verr.</span> <span class='ocrx_word' id='word_1_262' title='bbox 570 1972 603 2003; x_wconf 88' lang='lat' dir='ltr'>ii.</span> <span class='ocrx_word' id='word_1_263' title='bbox 639 1974 666 2009; x_wconf 93' lang='lat' dir='ltr'>l,</span> <span class='ocrx_word' id='word_1_264' title='bbox 698 1983 723 2003; x_wconf 91' lang='lat' dir='ltr'>c.</span> <span class='ocrx_word' id='word_1_265' title='bbox 751 1973 804 2010; x_wconf 81' lang='lat'>36,</span> <span class='ocrx_word' id='word_1_266' title='bbox 849 1972 989 2003; x_wconf 87' lang='lat' dir='ltr'>received</span> <span class='ocrx_word' id='word_1_267' title='bbox 1005 1982 1092 2003; x_wconf 89' lang='lat' dir='ltr'>some</span> <span class='ocrx_word' id='word_1_268' title='bbox 1104 1972 1140 2003; x_wconf 88' lang='lat' dir='ltr'>of</span> <span class='ocrx_word' id='word_1_269' title='bbox 1151 1973 1214 2003; x_wconf 90' lang='lat' dir='ltr'>this</span> <span class='ocrx_word' id='word_1_270' title='bbox 1231 1983 1366 2014; x_wconf 82' lang='lat' dir='ltr'>money:</span> <span class='ocrx_word' id='word_1_271' title='bbox 1384 1975 1404 1990; x_wconf 78' lang='lat'>‘⁴</span> <span class='ocrx_word' id='word_1_272' title='bbox 1418 1973 1448 2004; x_wconf 95' lang='lat' dir='ltr'>O</span> <span class='ocrx_word' id='word_1_273' title='bbox 1464 1973 1626 2005; x_wconf 87' lang='lat' dir='ltr'>hominem</span> 
     </span>
    </p>
   </div>
   <div class='ocr_carea' id='block_1_3' title="bbox 22 2015 806 2956">
    <p class='ocr_par' dir='ltr' id='par_1_3' title="bbox 22 2015 806 2956">
     <span class='ocr_line' id='line_1_28' title="bbox 29 2015 806 2055; baseline 0.001 -10"><span class='ocrx_word' id='word_1_274' title='bbox 29 2015 93 2046; x_wconf 84' lang='lat' dir='ltr'>and</span> <span class='ocrx_word' id='word_1_275' title='bbox 117 2016 172 2045; x_wconf 88' lang='lat' dir='ltr'>the</span> <span class='ocrx_word' id='word_1_276' title='bbox 198 2019 283 2045; x_wconf 87' lang='lat' dir='ltr'>note.</span> <span class='ocrx_word' id='word_1_277' title='bbox 328 2015 486 2045; x_wconf 85' lang='lat' dir='ltr'>Antonius</span> <span class='ocrx_word' id='word_1_278' title='bbox 511 2015 564 2045; x_wconf 89' lang='lat' dir='ltr'>did</span> <span class='ocrx_word' id='word_1_279' title='bbox 587 2018 643 2045; x_wconf 88' lang='lat' dir='ltr'>not</span> <span class='ocrx_word' id='word_1_280' title='bbox 667 2015 806 2055; x_wconf 87' lang='lat' dir='ltr'>produce</span> 
     </span>
     <span class='ocr_line' id='line_1_29' title="bbox 30 2058 804 2097; baseline -0.001 -9"><span class='ocrx_word' id='word_1_281' title='bbox 30 2058 85 2088; x_wconf 90' lang='lat' dir='ltr'>the</span> <span class='ocrx_word' id='word_1_282' title='bbox 106 2058 277 2088; x_wconf 83' lang='lat' dir='ltr'>Dictator’s</span> <span class='ocrx_word' id='word_1_283' title='bbox 298 2068 421 2097; x_wconf 77' lang='lat' dir='ltr'>paperS.</span> <span class='ocrx_word' id='word_1_284' title='bbox 466 2058 536 2087; x_wconf 87' lang='lat' dir='ltr'>The</span> <span class='ocrx_word' id='word_1_285' title='bbox 558 2061 666 2088; x_wconf 85' lang='lat' dir='ltr'>senate</span> <span class='ocrx_word' id='word_1_286' title='bbox 684 2069 746 2088; x_wconf 86' lang='lat' dir='ltr'>was</span> <span class='ocrx_word' id='word_1_287' title='bbox 771 2062 804 2088; x_wconf 91' lang='lat' dir='ltr'>to</span> 
     </span>
     <span class='ocr_line' id='line_1_30' title="bbox 29 2100 803 2131; baseline 0 0"><span class='ocrx_word' id='word_1_288' title='bbox 29 2101 149 2131; x_wconf 85' lang='lat' dir='ltr'>believe</span> <span class='ocrx_word' id='word_1_289' title='bbox 176 2101 245 2131; x_wconf 82' lang='lat' dir='ltr'>that</span> <span class='ocrx_word' id='word_1_290' title='bbox 275 2101 364 2131; x_wconf 86' lang='lat' dir='ltr'>there</span> <span class='ocrx_word' id='word_1_291' title='bbox 389 2110 450 2130; x_wconf 86' lang='lat' dir='ltr'>was</span> <span class='ocrx_word' id='word_1_292' title='bbox 480 2100 514 2130; x_wconf 89' lang='lat' dir='ltr'>in</span> <span class='ocrx_word' id='word_1_293' title='bbox 543 2100 629 2130; x_wconf 88' lang='lat' dir='ltr'>them</span> <span class='ocrx_word' id='word_1_294' title='bbox 656 2101 739 2130; x_wconf 86' lang='lat' dir='ltr'>what</span> <span class='ocrx_word' id='word_1_295' title='bbox 762 2101 803 2131; x_wconf 90' lang='lat' dir='ltr'>he</span> 
     </span>
     <span class='ocr_line' id='line_1_31' title="bbox 29 2143 803 2182; baseline -0.001 -8"><span class='ocrx_word' id='word_1_296' title='bbox 29 2144 96 2175; x_wconf 87' lang='lat' dir='ltr'>said</span> <span class='ocrx_word' id='word_1_297' title='bbox 118 2144 189 2174; x_wconf 87' lang='lat' dir='ltr'>that</span> <span class='ocrx_word' id='word_1_298' title='bbox 215 2144 304 2174; x_wconf 87' lang='lat' dir='ltr'>there</span> <span class='ocrx_word' id='word_1_299' title='bbox 325 2153 405 2173; x_wconf 85' lang='lat' dir='ltr'>was:</span> <span class='ocrx_word' id='word_1_300' title='bbox 430 2143 505 2182; x_wconf 87' lang='lat' dir='ltr'>they</span> <span class='ocrx_word' id='word_1_301' title='bbox 526 2153 606 2173; x_wconf 84' lang='lat' dir='ltr'>were</span> <span class='ocrx_word' id='word_1_302' title='bbox 629 2147 661 2173; x_wconf 88' lang='lat' dir='ltr'>to</span> <span class='ocrx_word' id='word_1_303' title='bbox 683 2143 803 2173; x_wconf 86' lang='lat' dir='ltr'>believe</span> 
     </span>
     <span class='ocr_line' id='line_1_32' title="bbox 30 2185 801 2225; baseline -0.003 -8"><span class='ocrx_word' id='word_1_304' title='bbox 30 2197 72 2217; x_wconf 88' lang='lat' dir='ltr'>ou</span> <span class='ocrx_word' id='word_1_305' title='bbox 95 2187 144 2217; x_wconf 89' lang='lat' dir='ltr'>his</span> <span class='ocrx_word' id='word_1_306' title='bbox 167 2187 320 2217; x_wconf 86' lang='lat' dir='ltr'>assertion</span> <span class='ocrx_word' id='word_1_307' title='bbox 345 2187 393 2225; x_wconf 87' lang='lat' dir='ltr'>(se</span> <span class='ocrx_word' id='word_1_308' title='bbox 408 2185 618 2224; x_wconf 87' lang='lat' dir='ltr'>auctore).—‘</span> <span class='ocrx_word' id='word_1_309' title='bbox 632 2186 664 2215; x_wconf 88' lang='lat' dir='ltr'>in</span> <span class='ocrx_word' id='word_1_310' title='bbox 679 2196 732 2216; x_wconf 87' lang='lat' dir='ltr'>aes</span> <span class='ocrx_word' id='word_1_311' title='bbox 752 2186 801 2215; x_wconf 89' lang='lat' dir='ltr'>in-</span> 
     </span>
     <span class='ocr_line' id='line_1_33' title="bbox 28 2228 802 2267; baseline -0.004 -7"><span class='ocrx_word' id='word_1_312' title='bbox 28 2230 134 2260; x_wconf 81' lang='lat' dir='ltr'>cidit2&#39;</span> <span class='ocrx_word' id='word_1_313' title='bbox 158 2230 248 2260; x_wconf 89' lang='lat' dir='ltr'>those</span> <span class='ocrx_word' id='word_1_314' title='bbox 269 2233 276 2246; x_wconf 86' lang='lat'>‘</span> <span class='ocrx_word' id='word_1_315' title='bbox 289 2228 373 2259; x_wconf 80' lang='lat' dir='ltr'>acta&#39;</span> <span class='ocrx_word' id='word_1_316' title='bbox 390 2228 492 2258; x_wconf 88' lang='lat' dir='ltr'>which</span> <span class='ocrx_word' id='word_1_317' title='bbox 508 2238 589 2258; x_wconf 84' lang='lat' dir='ltr'>were</span> <span class='ocrx_word' id='word_1_318' title='bbox 610 2228 720 2267; x_wconf 79' lang='lat' dir='ltr'>Leges,</span> <span class='ocrx_word' id='word_1_319' title='bbox 739 2229 802 2258; x_wconf 88' lang='lat' dir='ltr'>and</span> 
     </span>
     <span class='ocr_line' id='line_1_34' title="bbox 28 2270 728 2311; baseline -0.001 -8"><span class='ocrx_word' id='word_1_320' title='bbox 28 2276 82 2303; x_wconf 88' lang='lat' dir='ltr'>cut</span> <span class='ocrx_word' id='word_1_321' title='bbox 97 2283 138 2303; x_wconf 92' lang='lat' dir='ltr'>on</span> <span class='ocrx_word' id='word_1_322' title='bbox 154 2273 272 2303; x_wconf 89' lang='lat' dir='ltr'>bronze</span> <span class='ocrx_word' id='word_1_323' title='bbox 287 2272 402 2302; x_wconf 82' lang='lat' dir='ltr'>tablets</span> <span class='ocrx_word' id='word_1_324' title='bbox 420 2271 475 2311; x_wconf 89' lang='lat' dir='ltr'>(In</span> <span class='ocrx_word' id='word_1_325' title='bbox 491 2270 561 2301; x_wconf 85' lang='lat' dir='ltr'>Cat.</span> <span class='ocrx_word' id='word_1_326' title='bbox 578 2271 621 2301; x_wconf 91' lang='lat' dir='ltr'>iii.</span> <span class='ocrx_word' id='word_1_327' title='bbox 638 2281 665 2300; x_wconf 90' lang='lat' dir='ltr'>c.</span> <span class='ocrx_word' id='word_1_328' title='bbox 683 2271 728 2311; x_wconf 90' lang='lat'>8).</span> 
     </span>
     <span class='ocr_line' id='line_1_35' title="bbox 65 2312 802 2356; baseline -0.005 -10"><span class='ocrx_word' id='word_1_329' title='bbox 65 2318 227 2356; x_wconf 75' lang='lat' dir='ltr'>promissa</span> <span class='ocrx_word' id='word_1_330' title='bbox 257 2325 320 2345; x_wconf 78' lang='lat' dir='ltr'>non</span> <span class='ocrx_word' id='word_1_331' title='bbox 339 2315 443 2354; x_wconf 78' lang='lat' dir='ltr'>fecit]</span> <span class='ocrx_word' id='word_1_332' title='bbox 494 2314 590 2344; x_wconf 84' lang='lat' dir='ltr'>Halm</span> <span class='ocrx_word' id='word_1_333' title='bbox 616 2318 729 2353; x_wconf 86' lang='lat' dir='ltr'>quotes</span> <span class='ocrx_word' id='word_1_334' title='bbox 750 2312 802 2343; x_wconf 87' lang='lat' dir='ltr'>Ad</span> 
     </span>
     <span class='ocr_line' id='line_1_36' title="bbox 27 2356 800 2395; baseline -0.005 -6"><span class='ocrx_word' id='word_1_335' title='bbox 27 2358 96 2389; x_wconf 81' lang='lat' dir='ltr'>Att.</span> <span class='ocrx_word' id='word_1_336' title='bbox 113 2359 175 2389; x_wconf 83' lang='lat' dir='ltr'>xiv.</span> <span class='ocrx_word' id='word_1_337' title='bbox 194 2360 240 2395; x_wconf 88' lang='lat'>10,</span> <span class='ocrx_word' id='word_1_338' title='bbox 259 2359 271 2388; x_wconf 91' lang='lat' dir='ltr'>l</span> <span class='ocrx_word' id='word_1_339' title='bbox 286 2370 292 2387; x_wconf 93' lang='lat'>:</span> <span class='ocrx_word' id='word_1_340' title='bbox 320 2360 338 2375; x_wconf 91' lang='lat'><strong>“</strong></span> <span class='ocrx_word' id='word_1_341' title='bbox 353 2358 422 2388; x_wconf 87' lang='lat' dir='ltr'>Hoc</span> <span class='ocrx_word' id='word_1_342' title='bbox 438 2366 526 2387; x_wconf 88' lang='lat' dir='ltr'>meus</span> <span class='ocrx_word' id='word_1_343' title='bbox 543 2361 574 2386; x_wconf 86' lang='lat' dir='ltr'>et</span> <span class='ocrx_word' id='word_1_344' title='bbox 591 2360 664 2386; x_wconf 83' lang='lat' dir='ltr'>tuus</span> <span class='ocrx_word' id='word_1_345' title='bbox 683 2356 800 2386; x_wconf 85' lang='lat' dir='ltr'>Brutus</span> 
     </span>
     <span class='ocr_line' id='line_1_37' title="bbox 26 2399 799 2441; baseline -0.005 -9"><span class='ocrx_word' id='word_1_346' title='bbox 26 2402 91 2441; x_wconf 89' lang='lat' dir='ltr'>egit</span> <span class='ocrx_word' id='word_1_347' title='bbox 108 2424 114 2431; x_wconf 95' lang='lat'>.</span> <span class='ocrx_word' id='word_1_348' title='bbox 133 2424 141 2432; x_wconf 92' lang='lat'>.</span> <span class='ocrx_word' id='word_1_349' title='bbox 160 2425 166 2432; x_wconf 89' lang='lat'>.</span> <span class='ocrx_word' id='word_1_350' title='bbox 182 2405 219 2431; x_wconf 86' lang='lat' dir='ltr'>ut</span> <span class='ocrx_word' id='word_1_351' title='bbox 237 2401 344 2431; x_wconf 86' lang='lat' dir='ltr'>omnia</span> <span class='ocrx_word' id='word_1_352' title='bbox 365 2400 455 2435; x_wconf 80' lang='lat' dir='ltr'>sacta.</span> <span class='ocrx_word' id='word_1_353' title='bbox 472 2400 598 2439; x_wconf 83' lang='lat' dir='ltr'>scripta,</span> <span class='ocrx_word' id='word_1_354' title='bbox 615 2399 708 2435; x_wconf 85' lang='lat' dir='ltr'>dicta,</span> <span class='ocrx_word' id='word_1_355' title='bbox 726 2408 799 2438; x_wconf 88' lang='lat' dir='ltr'>pro-</span> 
     </span>
     <span class='ocr_line' id='line_1_38' title="bbox 26 2443 800 2483; baseline -0.004 -9"><span class='ocrx_word' id='word_1_356' title='bbox 26 2445 132 2481; x_wconf 84' lang='lat' dir='ltr'>missa,</span> <span class='ocrx_word' id='word_1_357' title='bbox 150 2444 286 2483; x_wconf 86' lang='lat' dir='ltr'>cogitata</span> <span class='ocrx_word' id='word_1_358' title='bbox 301 2443 443 2473; x_wconf 83' lang='lat' dir='ltr'>Caesaris</span> <span class='ocrx_word' id='word_1_359' title='bbox 463 2443 534 2483; x_wconf 85' lang='lat' dir='ltr'>plus</span> <span class='ocrx_word' id='word_1_360' title='bbox 550 2443 689 2472; x_wconf 79' lang='lat' dir='ltr'>valerent</span> <span class='ocrx_word' id='word_1_361' title='bbox 705 2452 800 2481; x_wconf 87' lang='lat' dir='ltr'>quam</span> 
     </span>
     <span class='ocr_line' id='line_1_39' title="bbox 25 2485 320 2526; baseline -0.007 -9"><span class='ocrx_word' id='word_1_362' title='bbox 25 2487 52 2517; x_wconf 85' lang='lat' dir='ltr'>si</span> <span class='ocrx_word' id='word_1_363' title='bbox 67 2488 134 2526; x_wconf 88' lang='lat' dir='ltr'>ipse</span> <span class='ocrx_word' id='word_1_364' title='bbox 149 2487 268 2516; x_wconf 80' lang='lat' dir='ltr'>viveret</span> <span class='ocrx_word' id='word_1_365' title='bbox 279 2487 290 2515; x_wconf 93' lang='lat'>?</span> <span class='ocrx_word' id='word_1_366' title='bbox 300 2485 320 2499; x_wconf 81' lang='lat'>’&#39;</span> 
     </span>
     <span class='ocr_line' id='line_1_40' title="bbox 69 2526 800 2568; baseline -0.005 -8"><span class='ocrx_word' id='word_1_367' title='bbox 69 2530 112 2559; x_wconf 82' lang='lat' dir='ltr'>ad</span> <span class='ocrx_word' id='word_1_368' title='bbox 143 2530 234 2568; x_wconf 80' lang='lat' dir='ltr'>Opis]</span> <span class='ocrx_word' id='word_1_369' title='bbox 269 2532 276 2545; x_wconf 84' lang='lat'><strong>⁴</strong></span> <span class='ocrx_word' id='word_1_370' title='bbox 288 2528 397 2558; x_wconf 86' lang='lat' dir='ltr'>aedem</span> <span class='ocrx_word' id='word_1_371' title='bbox 411 2527 431 2557; x_wconf 83' lang='lat'>:’</span> <span class='ocrx_word' id='word_1_372' title='bbox 466 2537 518 2557; x_wconf 87' lang='lat' dir='ltr'>see</span> <span class='ocrx_word' id='word_1_373' title='bbox 547 2527 670 2557; x_wconf 84' lang='lat' dir='ltr'>Introd.</span> <span class='ocrx_word' id='word_1_374' title='bbox 730 2526 800 2557; x_wconf 86' lang='lat' dir='ltr'>The</span> 
     </span>
     <span class='ocr_line' id='line_1_41' title="bbox 24 2570 798 2611; baseline -0.003 -10"><span class='ocrx_word' id='word_1_375' title='bbox 24 2573 143 2611; x_wconf 86' lang='lat' dir='ltr'>temple</span> <span class='ocrx_word' id='word_1_376' title='bbox 159 2571 192 2601; x_wconf 82' lang='lat' dir='ltr'>of</span> <span class='ocrx_word' id='word_1_377' title='bbox 213 2572 292 2610; x_wconf 85' lang='lat' dir='ltr'>Ops,</span> <span class='ocrx_word' id='word_1_378' title='bbox 310 2571 364 2601; x_wconf 89' lang='lat' dir='ltr'>the</span> <span class='ocrx_word' id='word_1_379' title='bbox 387 2570 519 2610; x_wconf 81' lang='lat' dir='ltr'>goddess</span> <span class='ocrx_word' id='word_1_380' title='bbox 535 2570 571 2600; x_wconf 90' lang='lat' dir='ltr'>of</span> <span class='ocrx_word' id='word_1_381' title='bbox 590 2570 798 2606; x_wconf 73' lang='lat' dir='ltr'>fruitfulness,</span> 
     </span>
     <span class='ocr_line' id='line_1_42' title="bbox 24 2612 799 2653; baseline -0.004 -8"><span class='ocrx_word' id='word_1_382' title='bbox 24 2625 86 2645; x_wconf 84' lang='lat' dir='ltr'>was</span> <span class='ocrx_word' id='word_1_383' title='bbox 103 2625 144 2645; x_wconf 90' lang='lat' dir='ltr'>on</span> <span class='ocrx_word' id='word_1_384' title='bbox 160 2614 214 2645; x_wconf 88' lang='lat' dir='ltr'>the</span> <span class='ocrx_word' id='word_1_385' title='bbox 230 2613 365 2653; x_wconf 79' lang='lat' dir='ltr'>Capitol,</span> <span class='ocrx_word' id='word_1_386' title='bbox 382 2623 422 2643; x_wconf 92' lang='lat' dir='ltr'>on</span> <span class='ocrx_word' id='word_1_387' title='bbox 439 2613 493 2643; x_wconf 85' lang='lat' dir='ltr'>the</span> <span class='ocrx_word' id='word_1_388' title='bbox 513 2612 578 2642; x_wconf 78' lang='lat' dir='ltr'>:side</span> <span class='ocrx_word' id='word_1_389' title='bbox 594 2613 728 2643; x_wconf 82' lang='lat' dir='ltr'>towards</span> <span class='ocrx_word' id='word_1_390' title='bbox 744 2612 799 2642; x_wconf 86' lang='lat' dir='ltr'>the</span> 
     </span>
     <span class='ocr_line' id='line_1_43' title="bbox 24 2655 799 2695; baseline -0.004 -7"><span class='ocrx_word' id='word_1_391' title='bbox 24 2657 152 2688; x_wconf 85' lang='lat' dir='ltr'>Forum.</span> <span class='ocrx_word' id='word_1_392' title='bbox 207 2657 317 2688; x_wconf 87' lang='lat' dir='ltr'>Cicero</span> <span class='ocrx_word' id='word_1_393' title='bbox 348 2666 456 2686; x_wconf 83' lang='lat' dir='ltr'>means</span> <span class='ocrx_word' id='word_1_394' title='bbox 483 2656 553 2685; x_wconf 83' lang='lat' dir='ltr'>that</span> <span class='ocrx_word' id='word_1_395' title='bbox 583 2655 647 2686; x_wconf 87' lang='lat' dir='ltr'>this</span> <span class='ocrx_word' id='word_1_396' title='bbox 686 2666 799 2695; x_wconf 86' lang='lat' dir='ltr'>money</span> 
     </span>
     <span class='ocr_line' id='line_1_44' title="bbox 23 2698 799 2739; baseline -0.004 -8"><span class='ocrx_word' id='word_1_397' title='bbox 23 2711 111 2731; x_wconf 82' lang='lat' dir='ltr'>came</span> <span class='ocrx_word' id='word_1_398' title='bbox 127 2700 206 2731; x_wconf 85' lang='lat' dir='ltr'>from</span> <span class='ocrx_word' id='word_1_399' title='bbox 224 2700 278 2730; x_wconf 85' lang='lat' dir='ltr'>the</span> <span class='ocrx_word' id='word_1_400' title='bbox 299 2699 502 2729; x_wconf 77' lang='lat' dir='ltr'>confiscation</span> <span class='ocrx_word' id='word_1_401' title='bbox 523 2698 559 2728; x_wconf 84' lang='lat' dir='ltr'>of</span> <span class='ocrx_word' id='word_1_402' title='bbox 578 2698 632 2728; x_wconf 85' lang='lat' dir='ltr'>the</span> <span class='ocrx_word' id='word_1_403' title='bbox 651 2702 799 2739; x_wconf 86' lang='lat' dir='ltr'>property</span> 
     </span>
     <span class='ocr_line' id='line_1_45' title="bbox 23 2741 796 2782; baseline -0.003 -8"><span class='ocrx_word' id='word_1_404' title='bbox 23 2743 60 2774; x_wconf 89' lang='lat' dir='ltr'>of</span> <span class='ocrx_word' id='word_1_405' title='bbox 79 2744 134 2774; x_wconf 85' lang='lat' dir='ltr'>the</span> <span class='ocrx_word' id='word_1_406' title='bbox 157 2743 328 2782; x_wconf 85' lang='lat' dir='ltr'>Pompeian</span> <span class='ocrx_word' id='word_1_407' title='bbox 347 2743 476 2778; x_wconf 80' lang='lat' dir='ltr'>faction,</span> <span class='ocrx_word' id='word_1_408' title='bbox 492 2741 555 2771; x_wconf 86' lang='lat' dir='ltr'>and</span> <span class='ocrx_word' id='word_1_409' title='bbox 576 2741 733 2771; x_wconf 82' lang='lat' dir='ltr'>therefore</span> <span class='ocrx_word' id='word_1_410' title='bbox 756 2741 796 2772; x_wconf 82' lang='lat' dir='ltr'>he</span> 
     </span>
     <span class='ocr_line' id='line_1_46' title="bbox 22 2783 796 2821; baseline -0.001 -5"><span class='ocrx_word' id='word_1_411' title='bbox 22 2786 98 2816; x_wconf 81' lang='lat' dir='ltr'>calls</span> <span class='ocrx_word' id='word_1_412' title='bbox 124 2787 150 2816; x_wconf 86' lang='lat' dir='ltr'>it</span> <span class='ocrx_word' id='word_1_413' title='bbox 175 2785 345 2821; x_wconf 78' lang='lat' dir='ltr'>‘cruenta,’</span> <span class='ocrx_word' id='word_1_414' title='bbox 371 2795 405 2815; x_wconf 87' lang='lat' dir='ltr'>as</span> <span class='ocrx_word' id='word_1_415' title='bbox 431 2785 463 2814; x_wconf 94' lang='lat' dir='ltr'>in</span> <span class='ocrx_word' id='word_1_416' title='bbox 487 2783 567 2814; x_wconf 63' lang='lat' dir='ltr'>Phil,</span> <span class='ocrx_word' id='word_1_417' title='bbox 589 2784 619 2814; x_wconf 92' lang='lat' dir='ltr'>ii.</span> <span class='ocrx_word' id='word_1_418' title='bbox 642 2794 668 2814; x_wconf 90' lang='lat' dir='ltr'>c.</span> <span class='ocrx_word' id='word_1_419' title='bbox 691 2785 731 2820; x_wconf 84' lang='lat'>37</span> <span class='ocrx_word' id='word_1_420' title='bbox 757 2785 796 2815; x_wconf 86' lang='lat' dir='ltr'>he</span> 
     </span>
     <span class='ocr_line' id='line_1_47' title="bbox 23 2826 794 2867; baseline -0.001 -8"><span class='ocrx_word' id='word_1_421' title='bbox 23 2829 98 2859; x_wconf 77' lang='lat' dir='ltr'>cans</span> <span class='ocrx_word' id='word_1_422' title='bbox 114 2830 139 2860; x_wconf 82' lang='lat' dir='ltr'>it</span> <span class='ocrx_word' id='word_1_423' title='bbox 155 2827 320 2859; x_wconf 80' lang='lat' dir='ltr'>‘funesta.’</span> <span class='ocrx_word' id='word_1_424' title='bbox 366 2828 475 2859; x_wconf 88' lang='lat' dir='ltr'>Cicero</span> <span class='ocrx_word' id='word_1_425' title='bbox 493 2826 558 2866; x_wconf 83' lang='lat' dir='ltr'>(Ad</span> <span class='ocrx_word' id='word_1_426' title='bbox 575 2826 643 2857; x_wconf 77' lang='lat' dir='ltr'>Att.</span> <span class='ocrx_word' id='word_1_427' title='bbox 660 2827 722 2857; x_wconf 83' lang='lat' dir='ltr'>xiv.</span> <span class='ocrx_word' id='word_1_428' title='bbox 743 2826 794 2867; x_wconf 83' lang='lat'>18)</span> 
     </span>
     <span class='ocr_line' id='line_1_48' title="bbox 23 2869 796 2912; baseline -0.001 -10"><span class='ocrx_word' id='word_1_429' title='bbox 23 2872 130 2902; x_wconf 76' lang='lat' dir='ltr'>makes</span> <span class='ocrx_word' id='word_1_430' title='bbox 145 2882 164 2902; x_wconf 81' lang='lat' dir='ltr'>a</span> <span class='ocrx_word' id='word_1_431' title='bbox 180 2882 244 2912; x_wconf 88' lang='lat' dir='ltr'>pun</span> <span class='ocrx_word' id='word_1_432' title='bbox 261 2881 301 2901; x_wconf 86' lang='lat' dir='ltr'>on</span> <span class='ocrx_word' id='word_1_433' title='bbox 318 2871 373 2901; x_wconf 88' lang='lat' dir='ltr'>the</span> <span class='ocrx_word' id='word_1_434' title='bbox 385 2870 468 2900; x_wconf 86' lang='lat' dir='ltr'>word</span> <span class='ocrx_word' id='word_1_435' title='bbox 486 2874 492 2886; x_wconf 84' lang='lat'><strong>¹</strong></span> <span class='ocrx_word' id='word_1_436' title='bbox 507 2869 598 2909; x_wconf 55' lang='lat' dir='ltr'>0115ss</span> <span class='ocrx_word' id='word_1_437' title='bbox 610 2869 699 2900; x_wconf 85' lang='lat' dir='ltr'>when</span> <span class='ocrx_word' id='word_1_438' title='bbox 716 2870 756 2900; x_wconf 87' lang='lat' dir='ltr'>he</span> <span class='ocrx_word' id='word_1_439' title='bbox 771 2871 796 2901; x_wconf 84' lang='lat' dir='ltr'>is</span> 
     </span>
     <span class='ocr_line' id='line_1_49' title="bbox 23 2912 797 2956; baseline -0.003 -12"><span class='ocrx_word' id='word_1_440' title='bbox 23 2915 147 2954; x_wconf 83' lang='lat' dir='ltr'>writing</span> <span class='ocrx_word' id='word_1_441' title='bbox 171 2915 242 2956; x_wconf 73' lang='lat' dir='ltr'>(ath</span> <span class='ocrx_word' id='word_1_442' title='bbox 262 2913 353 2955; x_wconf 84' lang='lat' dir='ltr'>May)</span> <span class='ocrx_word' id='word_1_443' title='bbox 377 2914 474 2944; x_wconf 85' lang='lat' dir='ltr'>about</span> <span class='ocrx_word' id='word_1_444' title='bbox 492 2912 658 2943; x_wconf 80' lang='lat' dir='ltr'>Dolabella</span> <span class='ocrx_word' id='word_1_445' title='bbox 681 2913 797 2953; x_wconf 82' lang='lat' dir='ltr'>having</span> 
     </span>
    </p>
   </div>
   <div class='ocr_carea' id='block_1_4' title="bbox 840 2016 1625 2955">
    <p class='ocr_par' dir='ltr' id='par_1_4' title="bbox 847 2016 1625 2182">
     <span class='ocr_line' id='line_1_50' title="bbox 849 2016 1625 2056; baseline 0.003 -11"><span class='ocrx_word' id='word_1_446' title='bbox 849 2016 1040 2056; x_wconf 85' lang='lat' dir='ltr'>pudentem!</span> <span class='ocrx_word' id='word_1_447' title='bbox 1076 2016 1149 2046; x_wconf 87' lang='lat' dir='ltr'>Kal.</span> <span class='ocrx_word' id='word_1_448' title='bbox 1176 2016 1249 2046; x_wconf 86' lang='lat' dir='ltr'>Jan.</span> <span class='ocrx_word' id='word_1_449' title='bbox 1277 2017 1396 2052; x_wconf 84' lang='lat' dir='ltr'>debuit,</span> <span class='ocrx_word' id='word_1_450' title='bbox 1427 2016 1530 2046; x_wconf 91' lang='lat' dir='ltr'>adhuc</span> <span class='ocrx_word' id='word_1_451' title='bbox 1560 2027 1625 2047; x_wconf 85' lang='lat' dir='ltr'>non</span> 
     </span>
     <span class='ocr_line' id='line_1_51' title="bbox 850 2059 1624 2098; baseline 0.003 -10"><span class='ocrx_word' id='word_1_452' title='bbox 850 2059 952 2094; x_wconf 80' lang='lat' dir='ltr'>solvit,</span> <span class='ocrx_word' id='word_1_453' title='bbox 984 2059 1169 2097; x_wconf 86' lang='lat' dir='ltr'>pracsertim</span> <span class='ocrx_word' id='word_1_454' title='bbox 1200 2069 1298 2098; x_wconf 89' lang='lat' dir='ltr'>quum</span> <span class='ocrx_word' id='word_1_455' title='bbox 1330 2070 1363 2090; x_wconf 85' lang='lat' dir='ltr'>se</span> <span class='ocrx_word' id='word_1_456' title='bbox 1389 2061 1526 2089; x_wconf 81' lang='lat' dir='ltr'>maximo</span> <span class='ocrx_word' id='word_1_457' title='bbox 1553 2070 1624 2090; x_wconf 85' lang='lat' dir='ltr'>aere</span> 
     </span>
     <span class='ocr_line' id='line_1_52' title="bbox 847 2101 1621 2141; baseline 0.003 -11"><span class='ocrx_word' id='word_1_458' title='bbox 847 2102 949 2131; x_wconf 86' lang='lat' dir='ltr'>alieno</span> <span class='ocrx_word' id='word_1_459' title='bbox 977 2101 1100 2130; x_wconf 86' lang='lat' dir='ltr'>Faberii</span> <span class='ocrx_word' id='word_1_460' title='bbox 1123 2111 1220 2131; x_wconf 86' lang='lat' dir='ltr'>manu</span> <span class='ocrx_word' id='word_1_461' title='bbox 1244 2102 1387 2132; x_wconf 84' lang='lat' dir='ltr'>liberavit</span> <span class='ocrx_word' id='word_1_462' title='bbox 1410 2105 1442 2131; x_wconf 84' lang='lat' dir='ltr'>et</span> <span class='ocrx_word' id='word_1_463' title='bbox 1468 2112 1561 2141; x_wconf 87' lang='lat' dir='ltr'>opem</span> <span class='ocrx_word' id='word_1_464' title='bbox 1582 2103 1621 2132; x_wconf 85' lang='lat' dir='ltr'>ab</span> 
     </span>
     <span class='ocr_line' id='line_1_53' title="bbox 847 2143 1060 2182; baseline -0.005 -9"><span class='ocrx_word' id='word_1_465' title='bbox 847 2153 884 2173; x_wconf 93' lang='lat' dir='ltr'>eo</span> <span class='ocrx_word' id='word_1_466' title='bbox 902 2143 1060 2182; x_wconf 81' lang='lat' dir='ltr'>petierit.¹&#39;</span> 
     </span>
    </p>

    <p class='ocr_par' dir='ltr' id='par_1_5' title="bbox 844 2186 1620 2439">
     <span class='ocr_line' id='line_1_54' title="bbox 890 2186 1620 2226; baseline 0.001 -11"><span class='ocrx_word' id='word_1_467' title='bbox 890 2188 940 2216; x_wconf 76' lang='lat' dir='ltr'>llis</span> <span class='ocrx_word' id='word_1_468' title='bbox 965 2186 1175 2225; x_wconf 75' lang='lat' dir='ltr'>temporibus]</span> <span class='ocrx_word' id='word_1_469' title='bbox 1225 2186 1338 2226; x_wconf 86' lang='lat' dir='ltr'>Comp.</span> <span class='ocrx_word' id='word_1_470' title='bbox 1362 2187 1443 2216; x_wconf 88' lang='lat' dir='ltr'>Phil.</span> <span class='ocrx_word' id='word_1_471' title='bbox 1466 2186 1499 2216; x_wconf 87' lang='lat' dir='ltr'>ii.</span> <span class='ocrx_word' id='word_1_472' title='bbox 1523 2196 1550 2216; x_wconf 92' lang='lat' dir='ltr'>c.</span> <span class='ocrx_word' id='word_1_473' title='bbox 1567 2188 1620 2221; x_wconf 87' lang='grc'>37.</span> 
     </span>
     <span class='ocr_line' id='line_1_55' title="bbox 847 2228 1620 2268; baseline 0.003 -11"><span class='ocrx_word' id='word_1_474' title='bbox 847 2228 886 2258; x_wconf 90' lang='lat' dir='ltr'>In</span> <span class='ocrx_word' id='word_1_475' title='bbox 902 2228 956 2258; x_wconf 83' lang='lat' dir='ltr'>the</span> <span class='ocrx_word' id='word_1_476' title='bbox 972 2232 1049 2258; x_wconf 76' lang='lat' dir='ltr'>next</span> <span class='ocrx_word' id='word_1_477' title='bbox 1064 2239 1147 2268; x_wconf 86' lang='lat' dir='ltr'>year,</span> <span class='ocrx_word' id='word_1_478' title='bbox 1164 2229 1256 2258; x_wconf 89' lang='lat' dir='ltr'>when</span> <span class='ocrx_word' id='word_1_479' title='bbox 1272 2229 1326 2259; x_wconf 89' lang='lat' dir='ltr'>the</span> <span class='ocrx_word' id='word_1_480' title='bbox 1342 2235 1449 2259; x_wconf 83' lang='lat' dir='ltr'>senate</span> <span class='ocrx_word' id='word_1_481' title='bbox 1465 2239 1526 2258; x_wconf 86' lang='lat' dir='ltr'>was</span> <span class='ocrx_word' id='word_1_482' title='bbox 1550 2239 1620 2268; x_wconf 87' lang='lat' dir='ltr'>pre-</span> 
     </span>
     <span class='ocr_line' id='line_1_56' title="bbox 845 2270 1620 2311; baseline 0.003 -11"><span class='ocrx_word' id='word_1_483' title='bbox 845 2271 956 2311; x_wconf 83' lang='lat' dir='ltr'>paring</span> <span class='ocrx_word' id='word_1_484' title='bbox 977 2270 1024 2300; x_wconf 82' lang='lat' dir='ltr'>for</span> <span class='ocrx_word' id='word_1_485' title='bbox 1045 2281 1107 2300; x_wconf 88' lang='lat' dir='ltr'>war</span> <span class='ocrx_word' id='word_1_486' title='bbox 1130 2272 1253 2310; x_wconf 83' lang='lat' dir='ltr'>against</span> <span class='ocrx_word' id='word_1_487' title='bbox 1276 2272 1445 2307; x_wconf 87' lang='lat' dir='ltr'>Antonius,</span> <span class='ocrx_word' id='word_1_488' title='bbox 1468 2272 1521 2301; x_wconf 88' lang='lat' dir='ltr'>the</span> <span class='ocrx_word' id='word_1_489' title='bbox 1540 2277 1620 2302; x_wconf 83' lang='lat' dir='ltr'>trea-</span> 
     </span>
     <span class='ocr_line' id='line_1_57' title="bbox 845 2313 1620 2354; baseline 0.004 -12"><span class='ocrx_word' id='word_1_490' title='bbox 845 2324 917 2352; x_wconf 81' lang='lat' dir='ltr'>sury</span> <span class='ocrx_word' id='word_1_491' title='bbox 932 2323 993 2343; x_wconf 81' lang='lat' dir='ltr'>was</span> <span class='ocrx_word' id='word_1_492' title='bbox 1004 2318 1124 2353; x_wconf 88' lang='lat' dir='ltr'>empty,</span> <span class='ocrx_word' id='word_1_493' title='bbox 1137 2313 1199 2343; x_wconf 85' lang='lat' dir='ltr'>and</span> <span class='ocrx_word' id='word_1_494' title='bbox 1211 2315 1448 2354; x_wconf 81' lang='lat' dir='ltr'>extraordinary</span> <span class='ocrx_word' id='word_1_495' title='bbox 1461 2325 1620 2345; x_wconf 81' lang='lat' dir='ltr'>measures</span> 
     </span>
     <span class='ocr_line' id='line_1_58' title="bbox 845 2356 1619 2398; baseline 0.004 -13"><span class='ocrx_word' id='word_1_496' title='bbox 845 2366 923 2386; x_wconf 86' lang='lat' dir='ltr'>were</span> <span class='ocrx_word' id='word_1_497' title='bbox 945 2356 1080 2395; x_wconf 83' lang='lat' dir='ltr'>adopted</span> <span class='ocrx_word' id='word_1_498' title='bbox 1098 2357 1147 2386; x_wconf 81' lang='lat' dir='ltr'>for</span> <span class='ocrx_word' id='word_1_499' title='bbox 1161 2357 1277 2396; x_wconf 86' lang='lat' dir='ltr'>raising</span> <span class='ocrx_word' id='word_1_500' title='bbox 1292 2358 1347 2388; x_wconf 82' lang='lat' dir='ltr'>the</span> <span class='ocrx_word' id='word_1_501' title='bbox 1362 2358 1501 2398; x_wconf 83' lang='lat' dir='ltr'>supplies</span> <span class='ocrx_word' id='word_1_502' title='bbox 1519 2358 1619 2398; x_wconf 90' lang='lat' dir='ltr'>(Dion</span> 
     </span>
     <span class='ocr_line' id='line_1_59' title="bbox 844 2399 1026 2439; baseline 0 -10"><span class='ocrx_word' id='word_1_503' title='bbox 844 2400 896 2434; x_wconf 78' lang='lat'>46,</span> <span class='ocrx_word' id='word_1_504' title='bbox 914 2408 940 2429; x_wconf 88' lang='lat' dir='ltr'>e.</span> <span class='ocrx_word' id='word_1_505' title='bbox 957 2399 1026 2439; x_wconf 88' lang='lat'>31).</span> 
     </span>
    </p>

    <p class='ocr_par' dir='ltr' id='par_1_6' title="bbox 845 2442 1617 2558">
     <span class='ocr_line' id='line_1_60' title="bbox 889 2442 1617 2482; baseline 0.003 -10"><span class='ocrx_word' id='word_1_506' title='bbox 889 2443 1005 2472; x_wconf 68' lang='lat' dir='ltr'>ter-lites</span> <span class='ocrx_word' id='word_1_507' title='bbox 1041 2442 1240 2482; x_wconf 74' lang='lat' dir='ltr'>consulatus]</span> <span class='ocrx_word' id='word_1_508' title='bbox 1291 2443 1329 2473; x_wconf 91' lang='lat' dir='ltr'>In</span> <span class='ocrx_word' id='word_1_509' title='bbox 1361 2453 1425 2474; x_wconf 78' lang='lat' dir='ltr'>13.c.</span> <span class='ocrx_word' id='word_1_510' title='bbox 1457 2446 1509 2474; x_wconf 77' lang='lat'>52.</span> <span class='ocrx_word' id='word_1_511' title='bbox 1566 2443 1617 2474; x_wconf 87' lang='lat' dir='ltr'>He</span> 
     </span>
     <span class='ocr_line' id='line_1_61' title="bbox 845 2485 1616 2524; baseline 0.004 -10"><span class='ocrx_word' id='word_1_512' title='bbox 845 2494 952 2514; x_wconf 87' lang='lat' dir='ltr'>means</span> <span class='ocrx_word' id='word_1_513' title='bbox 969 2485 1023 2515; x_wconf 91' lang='lat' dir='ltr'>the</span> <span class='ocrx_word' id='word_1_514' title='bbox 1040 2488 1046 2501; x_wconf 83' lang='lat'><strong>‘</strong></span> <span class='ocrx_word' id='word_1_515' title='bbox 1062 2485 1162 2524; x_wconf 82' lang='lat' dir='ltr'>Leges</span> <span class='ocrx_word' id='word_1_516' title='bbox 1178 2485 1217 2515; x_wconf 87' lang='lat' dir='ltr'>de</span> <span class='ocrx_word' id='word_1_517' title='bbox 1233 2485 1284 2523; x_wconf 91' lang='lat' dir='ltr'>vi,’</span> <span class='ocrx_word' id='word_1_518' title='bbox 1302 2486 1402 2516; x_wconf 88' lang='lat' dir='ltr'>under</span> <span class='ocrx_word' id='word_1_519' title='bbox 1417 2486 1520 2517; x_wconf 89' lang='lat' dir='ltr'>which</span> <span class='ocrx_word' id='word_1_520' title='bbox 1536 2487 1616 2517; x_wconf 84' lang='lat' dir='ltr'>Milo</span> 
     </span>
     <span class='ocr_line' id='line_1_62' title="bbox 845 2527 1248 2558; baseline 0.005 -2"><span class='ocrx_word' id='word_1_521' title='bbox 845 2537 907 2557; x_wconf 81' lang='lat' dir='ltr'>was</span> <span class='ocrx_word' id='word_1_522' title='bbox 923 2527 1001 2558; x_wconf 85' lang='lat' dir='ltr'>tried</span> <span class='ocrx_word' id='word_1_523' title='bbox 1020 2531 1026 2544; x_wconf 82' lang='lat'><strong>‘</strong></span> <span class='ocrx_word' id='word_1_524' title='bbox 1040 2528 1088 2558; x_wconf 88' lang='lat' dir='ltr'>De</span> <span class='ocrx_word' id='word_1_525' title='bbox 1104 2528 1248 2558; x_wconf 78' lang='lat' dir='ltr'>ambitu.&#39;</span> 
     </span>
    </p>

    <p class='ocr_par' dir='ltr' id='par_1_7' title="bbox 840 2572 1617 2955">
     <span class='ocr_line' id='line_1_63' title="bbox 887 2572 1616 2612; baseline 0.005 -12"><span class='ocrx_word' id='word_1_526' title='bbox 887 2572 916 2600; x_wconf 93' lang='lat'>8.</span> <span class='ocrx_word' id='word_1_527' title='bbox 942 2581 980 2601; x_wconf 79' lang='lat' dir='ltr'>ne</span> <span class='ocrx_word' id='word_1_528' title='bbox 999 2572 1187 2610; x_wconf 73' lang='lat' dir='ltr'>praetoriae</span> <span class='ocrx_word' id='word_1_529' title='bbox 1209 2595 1216 2601; x_wconf 96' lang='lat'>.</span> <span class='ocrx_word' id='word_1_530' title='bbox 1241 2595 1248 2602; x_wconf 91' lang='lat'>.</span> <span class='ocrx_word' id='word_1_531' title='bbox 1270 2595 1277 2601; x_wconf 94' lang='lat'>.</span> <span class='ocrx_word' id='word_1_532' title='bbox 1298 2572 1442 2612; x_wconf 74' lang='lat' dir='ltr'>sublata]</span> <span class='ocrx_word' id='word_1_533' title='bbox 1492 2573 1544 2603; x_wconf 82' lang='lat' dir='ltr'>ne</span> <span class='ocrx_word' id='word_1_534' title='bbox 1569 2574 1616 2604; x_wconf 80' lang='lat' dir='ltr'>al-</span> 
     </span>
     <span class='ocr_line' id='line_1_64' title="bbox 843 2612 1614 2653; baseline 0.004 -10"><span class='ocrx_word' id='word_1_535' title='bbox 843 2612 932 2643; x_wconf 87' lang='lat' dir='ltr'>ludes</span> <span class='ocrx_word' id='word_1_536' title='bbox 948 2617 980 2644; x_wconf 88' lang='lat' dir='ltr'>to</span> <span class='ocrx_word' id='word_1_537' title='bbox 996 2624 1015 2644; x_wconf 88' lang='lat' dir='ltr'>a</span> <span class='ocrx_word' id='word_1_538' title='bbox 1029 2614 1048 2644; x_wconf 90' lang='lat' dir='ltr'>J</span> <span class='ocrx_word' id='word_1_539' title='bbox 1053 2615 1115 2644; x_wconf 89' lang='lat' dir='ltr'>ulia</span> <span class='ocrx_word' id='word_1_540' title='bbox 1131 2614 1197 2645; x_wconf 87' lang='lat' dir='ltr'>Lex</span> <span class='ocrx_word' id='word_1_541' title='bbox 1214 2615 1252 2645; x_wconf 88' lang='lat' dir='ltr'>de</span> <span class='ocrx_word' id='word_1_542' title='bbox 1270 2615 1449 2646; x_wconf 85' lang='lat' dir='ltr'>Provinciis.</span> <span class='ocrx_word' id='word_1_543' title='bbox 1489 2616 1614 2653; x_wconf 84' lang='lat' dir='ltr'>Caesar,</span> 
     </span>
     <span class='ocr_line' id='line_1_65' title="bbox 844 2656 1616 2697; baseline 0.005 -12"><span class='ocrx_word' id='word_1_544' title='bbox 844 2656 913 2686; x_wconf 89' lang='lat' dir='ltr'>who</span> <span class='ocrx_word' id='word_1_545' title='bbox 929 2657 1002 2687; x_wconf 87' lang='lat' dir='ltr'>thus</span> <span class='ocrx_word' id='word_1_546' title='bbox 1018 2657 1138 2687; x_wconf 84' lang='lat' dir='ltr'>limited</span> <span class='ocrx_word' id='word_1_547' title='bbox 1154 2658 1208 2688; x_wconf 91' lang='lat' dir='ltr'>the</span> <span class='ocrx_word' id='word_1_548' title='bbox 1224 2658 1369 2688; x_wconf 83' lang='lat' dir='ltr'>duration</span> <span class='ocrx_word' id='word_1_549' title='bbox 1392 2658 1428 2687; x_wconf 90' lang='lat' dir='ltr'>of</span> <span class='ocrx_word' id='word_1_550' title='bbox 1445 2659 1616 2697; x_wconf 72' lang='lat' dir='ltr'>provincial</span> 
     </span>
     <span class='ocr_line' id='line_1_66' title="bbox 843 2700 1615 2740; baseline 0.004 -11"><span class='ocrx_word' id='word_1_551' title='bbox 843 2703 1075 2738; x_wconf 85' lang='lat' dir='ltr'>governments,</span> <span class='ocrx_word' id='word_1_552' title='bbox 1093 2700 1182 2730; x_wconf 83' lang='lat' dir='ltr'>knew</span> <span class='ocrx_word' id='word_1_553' title='bbox 1198 2701 1252 2731; x_wconf 90' lang='lat' dir='ltr'>the</span> <span class='ocrx_word' id='word_1_554' title='bbox 1275 2701 1391 2740; x_wconf 78' lang='lat' dir='ltr'>danger</span> <span class='ocrx_word' id='word_1_555' title='bbox 1407 2704 1440 2731; x_wconf 89' lang='lat' dir='ltr'>to</span> <span class='ocrx_word' id='word_1_556' title='bbox 1456 2701 1511 2731; x_wconf 88' lang='lat' dir='ltr'>the</span> <span class='ocrx_word' id='word_1_557' title='bbox 1528 2702 1615 2732; x_wconf 72' lang='lat' dir='ltr'>State</span> 
     </span>
     <span class='ocr_line' id='line_1_67' title="bbox 840 2742 1617 2783; baseline 0.003 -12"><span class='ocrx_word' id='word_1_558' title='bbox 840 2742 876 2771; x_wconf 81' lang='lat' dir='ltr'>of</span> <span class='ocrx_word' id='word_1_559' title='bbox 892 2742 1038 2782; x_wconf 83' lang='lat' dir='ltr'>allowing</span> <span class='ocrx_word' id='word_1_560' title='bbox 1057 2754 1075 2773; x_wconf 89' lang='lat' dir='ltr'>a</span> <span class='ocrx_word' id='word_1_561' title='bbox 1099 2754 1171 2773; x_wconf 86' lang='lat' dir='ltr'>man</span> <span class='ocrx_word' id='word_1_562' title='bbox 1187 2747 1220 2774; x_wconf 89' lang='lat' dir='ltr'>to</span> <span class='ocrx_word' id='word_1_563' title='bbox 1236 2743 1275 2774; x_wconf 91' lang='lat' dir='ltr'>be</span> <span class='ocrx_word' id='word_1_564' title='bbox 1295 2754 1314 2773; x_wconf 82' lang='lat' dir='ltr'>a</span> <span class='ocrx_word' id='word_1_565' title='bbox 1330 2744 1404 2783; x_wconf 84' lang='lat' dir='ltr'>long</span> <span class='ocrx_word' id='word_1_566' title='bbox 1419 2744 1494 2774; x_wconf 75' lang='lat' dir='ltr'>time</span> <span class='ocrx_word' id='word_1_567' title='bbox 1510 2748 1541 2773; x_wconf 83' lang='lat' dir='ltr'>at</span> <span class='ocrx_word' id='word_1_568' title='bbox 1558 2745 1617 2774; x_wconf 84' lang='lat' dir='ltr'>the</span> 
     </span>
     <span class='ocr_line' id='line_1_68' title="bbox 840 2785 1613 2826; baseline 0.001 -11"><span class='ocrx_word' id='word_1_569' title='bbox 840 2785 919 2815; x_wconf 81' lang='lat' dir='ltr'>head</span> <span class='ocrx_word' id='word_1_570' title='bbox 947 2786 983 2816; x_wconf 85' lang='lat' dir='ltr'>of</span> <span class='ocrx_word' id='word_1_571' title='bbox 1005 2796 1045 2816; x_wconf 88' lang='lat' dir='ltr'>an</span> <span class='ocrx_word' id='word_1_572' title='bbox 1069 2796 1169 2826; x_wconf 86' lang='lat' dir='ltr'>army.</span> <span class='ocrx_word' id='word_1_573' title='bbox 1217 2787 1267 2817; x_wconf 87' lang='lat' dir='ltr'>He</span> <span class='ocrx_word' id='word_1_574' title='bbox 1291 2786 1381 2816; x_wconf 86' lang='lat' dir='ltr'>knew</span> <span class='ocrx_word' id='word_1_575' title='bbox 1406 2787 1431 2816; x_wconf 84' lang='lat' dir='ltr'>it</span> <span class='ocrx_word' id='word_1_576' title='bbox 1456 2787 1536 2816; x_wconf 82' lang='lat' dir='ltr'>from</span> <span class='ocrx_word' id='word_1_577' title='bbox 1566 2787 1613 2816; x_wconf 86' lang='lat' dir='ltr'>his</span> 
     </span>
     <span class='ocr_line' id='line_1_69' title="bbox 840 2829 1612 2869; baseline 0 -12"><span class='ocrx_word' id='word_1_578' title='bbox 840 2838 911 2858; x_wconf 86' lang='lat' dir='ltr'>own</span> <span class='ocrx_word' id='word_1_579' title='bbox 939 2829 1132 2868; x_wconf 85' lang='lat' dir='ltr'>experience.</span> <span class='ocrx_word' id='word_1_580' title='bbox 1191 2829 1276 2859; x_wconf 89' lang='lat' dir='ltr'>Dion</span> <span class='ocrx_word' id='word_1_581' title='bbox 1307 2829 1374 2869; x_wconf 74' lang='lat'>(43,</span> <span class='ocrx_word' id='word_1_582' title='bbox 1405 2839 1431 2859; x_wconf 89' lang='lat' dir='ltr'>c.</span> <span class='ocrx_word' id='word_1_583' title='bbox 1463 2829 1518 2867; x_wconf 77' lang='lat'>25)</span> <span class='ocrx_word' id='word_1_584' title='bbox 1551 2838 1612 2857; x_wconf 76' lang='lat' dir='ltr'>saw</span> 
     </span>
     <span class='ocr_line' id='line_1_70' title="bbox 840 2871 1612 2910; baseline -0.001 -10"><span class='ocrx_word' id='word_1_585' title='bbox 840 2871 903 2901; x_wconf 85' lang='lat' dir='ltr'>this</span> <span class='ocrx_word' id='word_1_586' title='bbox 924 2871 1026 2902; x_wconf 85' lang='lat' dir='ltr'>defect</span> <span class='ocrx_word' id='word_1_587' title='bbox 1050 2872 1082 2902; x_wconf 91' lang='lat' dir='ltr'>in</span> <span class='ocrx_word' id='word_1_588' title='bbox 1105 2872 1159 2902; x_wconf 89' lang='lat' dir='ltr'>the</span> <span class='ocrx_word' id='word_1_589' title='bbox 1177 2872 1300 2902; x_wconf 82' lang='lat' dir='ltr'>Roman</span> <span class='ocrx_word' id='word_1_590' title='bbox 1321 2882 1425 2910; x_wconf 75' lang='lat' dir='ltr'>usage.</span> <span class='ocrx_word' id='word_1_591' title='bbox 1481 2873 1539 2899; x_wconf 64' lang='lat' dir='ltr'>See</span> <span class='ocrx_word' id='word_1_592' title='bbox 1565 2871 1612 2900; x_wconf 81' lang='lat' dir='ltr'>Do</span> 
     </span>
     <span class='ocr_line' id='line_1_71' title="bbox 842 2913 1610 2955; baseline -0.007 -9"><span class='ocrx_word' id='word_1_593' title='bbox 842 2913 926 2953; x_wconf 80' lang='lat' dir='ltr'>Lege</span> <span class='ocrx_word' id='word_1_594' title='bbox 963 2914 1094 2955; x_wconf 82' lang='lat' dir='ltr'>Agraria</span> <span class='ocrx_word' id='word_1_595' title='bbox 1131 2915 1152 2945; x_wconf 85' lang='lat' dir='ltr'>i.</span> <span class='ocrx_word' id='word_1_596' title='bbox 1192 2925 1218 2945; x_wconf 94' lang='lat' dir='ltr'>c.</span> <span class='ocrx_word' id='word_1_597' title='bbox 1258 2917 1288 2952; x_wconf 85' lang='lat'>5,</span> <span class='ocrx_word' id='word_1_598' title='bbox 1330 2915 1390 2944; x_wconf 84' lang='lat' dir='ltr'>und</span> <span class='ocrx_word' id='word_1_599' title='bbox 1432 2914 1484 2943; x_wconf 77' lang='lat' dir='ltr'>the</span> <span class='ocrx_word' id='word_1_600' title='bbox 1526 2919 1610 2942; x_wconf 76' lang='lat' dir='ltr'>note.</span> 
     </span>
    </p>
   </div>
   <div class='ocr_carea' id='block_1_5' title="bbox 763 2955 889 2996">
    <p class='ocr_par' dir='ltr' id='par_1_8' title="bbox 763 2955 889 2996">
     <span class='ocr_line' id='line_1_72' title="bbox 763 2955 889 2996; baseline 0.008 -1"><span class='ocrx_word' id='word_1_601' title='bbox 763 2955 889 2996; x_wconf 71' lang='lat'>11112</span> 
     </span>
    </p>
   </div>
  </div>
 </body>
</html>
