1816 3211
160 181 242 221 538
330 178 506 220 ORAT.
542 178 1055 220 PHILIPPICARUM
1090 178 1277 219 LIBER
1309 178 1590 222 TERTIUS.

157 293 300 334 fuisse.
360 292 437 334 Cui
473 291 639 347 quidem
673 292 873 333 hodierno
909 292 987 342 die,
1025 296 1170 346 patres
1206 291 1446 346 conscripti,
1488 307 1595 334 nunc
1633 294 1743 335 enim

158 358 336 413 primum
357 357 416 398 ita
437 357 701 397 convenimus
722 362 770 396 ut
790 357 897 396 illius
918 356 1119 396 beneficio
1140 370 1356 410 possemus
1376 370 1425 397 ea
1446 370 1551 411 quae
1571 359 1746 400 sentire-

158 437 251 464 mus
283 422 410 462 libcre
444 422 593 469 dicere,
625 421 847 461 tribuenda
883 425 950 461 est
981 420 1223 469 auctoritas,
1247 425 1296 462 ut
1316 435 1403 461 rem
1431 421 1635 476 publicam
1664 438 1747 464 non

158 488 282 528 modo
303 501 327 526 a
348 500 391 526 se
412 490 661 539 susceptam,
696 485 770 525 sed
798 484 925 525 etiam
945 499 971 525 a
991 485 1110 526 nobis
1148 486 1482 526 commendatam
1512 488 1646 540 possit
1677 488 1746 529 de-

158 553 339 593 fendere.

219 616 304 656 ΙΙΙ.
338 615 427 655 Nec
449 628 545 655 vero
567 614 617 655 de
638 614 802 668 legione
831 614 1004 663 Martia,
1029 615 1222 669 quoniam
1248 616 1373 671 longo
1396 616 1611 657 intervallo
1633 617 1747 672 loqui

158 681 281 723 nobis
312 681 362 721 de
393 694 437 720 re
467 679 632 734 publica
658 679 767 729 licet,
803 679 914 720 sileri
945 684 1099 734 potest.
1162 680 1264 732 Quis
1298 680 1408 721 enim
1443 695 1549 721 unus
1583 681 1743 731 fortior,

158 747 250 802 quis
270 745 440 786 amicior
460 758 658 798 umquam
678 744 736 785 rei
758 744 946 798 publicae
960 744 1052 794 fuit,
1069 759 1194 800 quam
1214 744 1322 799 legio
1346 744 1507 786 Martia
1527 745 1747 787 universa?

161 812 277 864 Quae
298 824 424 865 quum
444 809 609 850 hostem
631 809 773 864 populi
794 809 975 850 Romani
999 810 1061 849 M.
1084 810 1318 851 Antonium
1332 810 1577 864 judicasset,
1608 825 1748 851 comes

159 891 251 917 esse
284 876 375 930 ejus
401 873 607 914 amentiae
635 873 796 921 noluit3
830 874 996 928 reliquit
1025 875 1248 915 consulem.
1312 875 1435 927 Quod
1456 875 1644 929 profecto
1665 889 1749 915 non

158 941 338 990 fecisset,
362 939 396 979 si
418 954 511 979 eum
537 938 749 979 consulem
774 938 1019 992 judicasset,
1056 953 1179 994 quem
1206 939 1306 979 nihil
1335 939 1446 979 aliud
1476 954 1612 993 agere,
1647 939 1749 980 nihil

158 1006 293 1055 moliri
313 1005 392 1046 nisi
414 1005 583 1045 caedem
605 1004 754 1044 civium
774 1008 901 1059 atque
922 1005 1139 1046 interitum
1167 1005 1348 1046 civitatis
1368 1005 1541 1046 videret.
1605 1006 1748 1059 Atque

159 1086 208 1112 ea
228 1070 336 1124 legio
365 1069 552 1110 consedit
576 1068 725 1109 Albae.
788 1069 923 1121 Quam
955 1069 1095 1123 potuit
1127 1071 1274 1110 urbem
1309 1069 1461 1124 eligere
1493 1075 1567 1110 aut
1599 1084 1749 1124 oppor-

158 1136 365 1178 tuniorem
385 1135 437 1174 ad
458 1148 525 1174 res
546 1133 750 1188 gerendas
771 1138 846 1174 aut
876 1134 1104 1175 fideliorem
1131 1140 1205 1174 aut
1235 1134 1454 1174 fortiorum
1474 1133 1654 1174 virorum
1674 1140 1749 1175 aut

157 1200 398 1241 amiciorum
418 1198 478 1239 rei
498 1197 687 1253 publicae
709 1197 887 1238 civium?
948 1198 1140 1252 Hujusce
1161 1198 1334 1253 legionis
1361 1198 1560 1239 virtutem
1587 1197 1750 1239 imitata

158 1268 307 1320 quarta
338 1263 459 1317 legio,
491 1263 594 1302 duce
628 1262 675 1302 L.
701 1261 952 1316 Egnatuleio
981 1268 1214 1317 quaestore,
1239 1261 1318 1303 civi
1346 1262 1504 1317 optimo
1536 1267 1580 1303 et
1610 1262 1750 1303 fortis-

158 1330 274 1379 simo,
319 1327 364 1369 C.
403 1327 595 1368 Caesaris
635 1326 932 1368 auctoritatem
975 1335 1101 1382 atque
1141 1327 1373 1368 exercitum
1412 1331 1634 1382 persecuta
1669 1332 1749 1369 est.

160 1394 423 1435 Faciundum
455 1397 520 1433 est
559 1391 689 1446 igitur
729 1391 861 1441 nobis,
902 1396 1044 1446 patres
1079 1391 1319 1447 conscripti,
1354 1395 1403 1432 ut
1437 1406 1498 1441 ea,
1535 1406 1640 1447 quae
1676 1407 1751 1433 sua

158 1464 308 1515 sponte
329 1457 582 1499 clarissimus
601 1456 844 1497 adolescens
865 1461 991 1511 atque
1008 1457 1191 1498 omnium
1210 1457 1598 1512 praestantissimus
1618 1457 1750 1512 gessit

159 1530 203 1566 et
240 1523 361 1580 gerit,
398 1523 500 1563 haec
535 1522 788 1563 auctoritate
827 1526 975 1563 nostra
1007 1523 1343 1577 comprobentur,
1376 1526 1748 1574 veteranorumque

158 1589 480 1631 fortissimorum
503 1587 695 1636 virorum,
719 1591 808 1627 tum
839 1586 1014 1641 legionis
1048 1587 1232 1628 Martiae
1265 1590 1519 1642 quartaeque
1550 1585 1748 1626 mirabilis

159 1668 384 1696 consensus
400 1653 453 1694 ad
474 1667 562 1693 rem
582 1651 790 1707 publicam
807 1653 1133 1707 recuperandam
1148 1652 1268 1692 laude
1286 1657 1328 1692 et
1344 1650 1584 1692 testimonio
1601 1654 1746 1691 nostro

160 1719 456 1764 confirmetur;
501 1731 727 1771 eorumque
763 1717 994 1767 commoda,
1031 1717 1223 1765 honores,
1260 1715 1455 1770 praemia,
1490 1729 1616 1769 quum
1651 1729 1748 1755 cou-

160 1784 271 1825 sules
291 1781 498 1836 designati
519 1780 812 1835 magistratum
841 1780 1020 1830 inierint,
1045 1795 1169 1821 curae
1199 1780 1318 1820 nobis
1348 1779 1436 1820 fore
1461 1779 1660 1820 hodierno
1682 1779 1748 1820 die

160 1847 453 1903 spondeamus.

223 1910 306 1951 IV.
339 1910 482 1964 Atque
503 1923 552 1949 ea
571 1908 749 1963 quidem,
772 1922 875 1963 quae
897 1908 983 1948 dixi
1005 1909 1056 1949 de
1078 1908 1255 1950 Caesare
1281 1908 1414 1962 deque
1434 1909 1526 1963 ejus
1545 1908 1746 1960 exercitu,

156 1977 246 2031 jam
267 1975 337 2016 diu
367 1978 468 2014 nota
495 1978 594 2014 sunt
617 1972 750 2013 nobis.
812 1972 987 2014 Virtute
1019 1973 1127 2014 enim
1162 1972 1393 2013 admirabili
1427 1972 1619 2014 Caesaris
1654 1988 1749 2014 con-

163 2040 401 2094 stantiaque
430 2037 609 2079 militum
635 2043 926 2078 veteranorum
958 2037 1249 2092 legionumque
1281 2052 1422 2078 earum
1455 2051 1560 2091 quae
1591 2037 1750 2092 optimo

158 2105 316 2161 judicio
348 2103 644 2145 auctoritatem
671 2108 869 2151 nostram,
898 2102 1135 2144 libertatem
1167 2102 1306 2157 populi
1338 2102 1529 2151 Romani,
1553 2102 1750 2143 virtutem

165 2169 356 2212 Caesaris
383 2172 550 2209 secutae
581 2171 689 2215 sunt,
718 2181 743 2207 a
771 2167 1001 2208 cervicibus
1032 2167 1189 2208 nostris
1216 2171 1281 2208 est
1308 2167 1502 2221 depulsus
1525 2166 1748 2208 Antonius.

167 2235 251 2277 Sed
281 2235 396 2284 haec,
431 2237 479 2273 ut
511 2231 608 2281 dixi,
638 2231 872 2286 superiora:
907 2232 986 2272 hoc
1014 2247 1110 2273 vero
1143 2246 1290 2273 recens
1317 2231 1500 2273 edictum
1533 2230 1588 2272 D.
1611 2231 1746 2281 Bruti,

207 2337 359 2367 hodierno
390 2336 457 2375 die]
505 2335 538 2365 It
567 2345 628 2365 was
658 2336 712 2366 the
741 2346 823 2367 XIII.
856 2338 929 2368 Kal.

164 2379 237 2409 Jan.
262 2389 297 2409 or
326 2379 381 2408 the
410 2378 489 2409 20th
511 2378 546 2408 of
581 2379 756 2409 December
793 2390 858 2410 13.c.
889 2382 931 2411 44

974 2338 1029 2377 ing
1052 2340 1085 2367 to
1110 2338 1212 2368 Rome
1235 2337 1331 2368 heard
1362 2337 1398 2367 of
1423 2337 1479 2367 the
1507 2336 1608 2367 revolt
1634 2336 1670 2366 of
1691 2335 1746 2366 the

975 2381 1093 2410 Martia
1107 2391 1141 2410 as
1153 2381 1194 2410 he
1206 2390 1268 2410 was
1283 2380 1426 2419 entering
1437 2380 1491 2410 the
1507 2382 1614 2409 senate
1628 2379 1746 2414 house3

166 2421 229 2461 (Ad
247 2422 319 2451 Div.
335 2422 376 2451 xi.
394 2422 424 2455 6,
440 2424 474 2450 to
491 2421 531 2450 D.
549 2421 685 2458 Brutus3
709 2422 770 2451 and
786 2423 837 2452 Ad
858 2422 930 2453 Div.

165 2464 218 2494 xii.
257 2463 379 2504 25).—‘
392 2463 474 2493 illius
515 2463 666 2494 beneficio
681 2464 700 2494 :⁷
748 2465 788 2495 he
825 2476 933 2495 means

166 2506 290 2542 Caesar,
307 2506 410 2535 whose
426 2516 582 2535 measures
600 2507 660 2536 had
677 2508 849 2546 compelled
865 2509 932 2537 An-

165 2549 270 2578 tonius
293 2553 326 2578 to
349 2549 434 2578 leave
458 2549 568 2584 Rome,
585 2559 618 2578 as
642 2549 750 2580 Cicero
772 2560 878 2580 means
899 2554 932 2580 to

166 2601 231 2631 say,
256 2591 317 2621 and
347 2591 421 2621 thus
450 2591 511 2620 had
541 2592 630 2630 given
657 2593 712 2622 the
742 2597 849 2622 senate
878 2594 933 2623 the

166 2635 371 2674 opportunity
387 2633 421 2663 of
434 2634 570 2671 meeting
586 2635 718 2665 without
735 2635 850 2674 danger
867 2636 934 2675 (sec

166 2677 221 2706 the
238 2677 358 2706 Introd.
375 2680 407 2706 to
424 2676 486 2705 this
503 2676 661 2716 Oration).

210 2720 240 2749 3.
264 2719 382 2758 Albae]
430 2719 511 2748 Alba
540 2719 650 2757 Longa
676 2730 717 2749 on
747 2721 801 2750 the
829 2720 933 2750 Alban

168 2762 262 2792 Hills.
307 2762 375 2791 The
397 2765 484 2800 story
504 2761 530 2790 is
553 2762 621 2791 that
643 2762 754 2792 Tullus
780 2763 933 2793 Hostilius

167 2804 332 2844 destroyed
348 2805 392 2840 it;
415 2804 473 2833 but
494 2803 522 2833 if
541 2803 580 2832 he
603 2804 665 2840 did,
683 2805 708 2834 it
722 2815 784 2834 was
807 2805 932 2841 rebuilt,

166 2847 226 2877 and
250 2847 276 2876 it
297 2857 358 2877 was
380 2857 449 2877 now
464 2845 635 2875 inhabitcd.
680 2847 805 2886 Appian
830 2849 881 2887 (B.
896 2849 932 2878 C.

166 2890 208 2919 iii.
226 2901 252 2919 c.
269 2890 325 2930 45)
343 2900 412 2929 says
435 2890 504 2919 that
527 2889 683 2918 Antonius
706 2891 786 2920 after
808 2894 931 2920 return-

975 2423 1037 2453 and
1064 2423 1155 2453 while
1179 2423 1219 2452 he
1248 2433 1311 2453 was
1347 2422 1553 2459 deliberating
1581 2422 1670 2451 there
1707 2421 1748 2450 he

976 2466 1072 2496 heard
1095 2466 1164 2496 that
1184 2466 1238 2495 the
1255 2466 1376 2498 Quarta
1397 2465 1462 2495 also
1485 2465 1547 2494 had
1569 2474 1652 2503 gone
1673 2473 1747 2493 over

974 2512 1008 2538 to
1030 2509 1155 2538 Caesar.
1200 2508 1291 2538 After
1312 2507 1436 2547 staying
1458 2518 1476 2537 a
1502 2508 1591 2537 short
1614 2507 1692 2536 time
1714 2506 1747 2535 in

975 2552 1030 2581 the
1053 2554 1160 2581 senate
1182 2551 1280 2580 house
1302 2551 1342 2580 he
1362 2553 1445 2580 went
1467 2554 1500 2580 to
1517 2549 1599 2580 Alba
1621 2552 1654 2578 to
1678 2558 1747 2587 per-

978 2594 1073 2624 suade
1098 2594 1154 2623 the
1180 2594 1351 2623 mutineers
1375 2596 1408 2622 to
1438 2596 1555 2622 return.
1601 2591 1667 2621 But
1690 2594 1748 2620 not

978 2636 1162 2675 succeeding
1183 2636 1216 2665 in
1238 2636 1386 2673 recalling
1408 2635 1494 2665 them
1511 2639 1544 2665 to
1567 2634 1745 2668 obedience‚

978 2680 1018 2708 he
1047 2679 1162 2708 retired
1191 2682 1224 2708 to
1253 2678 1352 2708 Tibur
1378 2678 1453 2707 with
1489 2678 1544 2707 the
1573 2676 1746 2713 remaining

977 2722 1097 2760 legions
1114 2721 1181 2758 (see
1196 2722 1249 2751 the
1266 2720 1496 2756 Introduction,
1514 2720 1594 2750 Phil.
1610 2717 1680 2757 iii.).

1020 2766 1052 2793 4.
1075 2762 1228 2802 edictum]
1270 2763 1378 2793 Cicero
1388 2763 1510 2801 writing
1525 2766 1556 2791 to
1573 2762 1614 2791 D.
1628 2761 1745 2790 Brutus

979 2806 1044 2845 (Ad
1068 2806 1139 2836 Div.
1162 2806 1203 2836 xi.
1228 2805 1262 2845 6)
1280 2816 1368 2845 says:
1394 2806 1531 2838 “Quum
1558 2802 1676 2833 tribuni
1700 2803 1743 2841 pl.

977 2849 1147 2879 edixissent
1169 2852 1294 2878 senatus
1318 2848 1441 2878 adesset
1464 2858 1491 2876 a.
1519 2846 1550 2875 d.
1575 2855 1643 2875 xn1
1671 2845 1742 2874 Kal.

977 2892 996 2921 J
1000 2902 1049 2921 an.
1064 2891 1276 2930 haberentque
1287 2891 1318 2920 in
1331 2890 1434 2920 animo
1450 2890 1488 2919 de
1504 2888 1656 2927 praesidio
1669 2898 1742 2918 con-
