1816 3211
140 193 223 232 180
371 189 549 230 ORAT.
583 188 647 229 IN
683 188 731 230 L.
764 188 1189 230 CALPURNIUM
1222 188 1500 230 PISONEM

137 303 225 345 scio
240 318 298 344 van
320 303 459 343 malim
480 307 523 343 te
544 302 674 343 videri
704 302 813 342 nullo
846 302 1004 356 pudore
1031 301 1158 341 fuisse
1189 301 1230 341 in
1252 301 1405 342 litteris
1426 301 1653 353 mittendis,
1678 317 1732 343 an

136 369 296 410 amicos
317 374 412 409 tuos
440 368 532 422 plus
553 367 750 407 habuisse
778 365 949 421 pudoris
980 370 1023 405 et
1064 366 1235 414 consilii,
1260 380 1383 420 quam
1414 371 1488 407 aut
1524 373 1565 408 te
1601 366 1732 407 videri

136 433 427 489 pudentiorem
447 432 574 472 fuisse
596 446 722 486 quam
743 431 863 480 soles,
887 434 962 470 aut
983 434 1105 470 tuum
1126 431 1285 471 factum
1313 445 1395 471 non
1427 445 1517 471 esse
1539 432 1732 472 condem-

136 504 283 540 natum
313 497 473 552 judicio
506 495 749 536 amicorum.
811 495 933 547 Quod
963 494 999 535 si
1025 510 1109 535 non
1138 496 1221 537 tuis
1255 495 1424 536 nefariis
1454 496 1496 535 in
1527 496 1637 536 hunc
1668 511 1733 535 or·-

137 564 278 604 dinem
317 560 578 602 contumeliis
617 560 660 600 in
695 566 944 615 perpetuum
977 560 1056 601 tibi
1089 561 1249 601 curiam
1281 560 1590 615 praeclusisses,
1634 561 1734 615 quid

136 628 307 669 tandem
328 630 418 666 erat
439 631 582 666 actum
602 629 676 666 aut
696 630 864 680 gestum
885 626 927 665 in
949 625 1016 666 illa
1037 626 1260 680 provincia,
1286 625 1337 666 de
1363 640 1445 680 quo
1466 626 1518 666 ad
1541 630 1735 666 senatum

136 707 231 733 cum
251 691 534 746 gratulatione
561 690 700 745 aliqua
730 690 856 731 scribi
886 691 962 732 abs
992 695 1036 732 te
1066 692 1310 745 oporteret?
1373 690 1559 731 Vexatio
1587 690 1735 731 Mace-

136 757 312 798 donian
343 771 395 797 an
431 756 681 811 oppidorum
717 755 852 810 turpis
884 755 1084 797 amissio?
1117 770 1170 796 an
1199 755 1409 796 sociorum
1442 755 1650 810 direptio?
1680 770 1734 796 an

135 837 333 877 agrorum
354 821 650 876 depopulatio?
678 835 731 861 an
761 821 938 861 munitio
969 821 1317 861 Thessalonicae?
1348 835 1401 860 an
1423 820 1608 861 obsessio
1630 820 1734 860 mili-—

135 888 240 929 taris
270 888 390 928 viae?
420 902 472 927 an
505 886 713 928 exercitus
742 887 876 927 nostri
907 887 1106 928 interitus
1134 887 1255 936 ferro,
1289 886 1411 935 fame,
1442 886 1609 941 frigore,
1643 900 1735 940 pes-

136 953 326 995 tilentia?
388 952 451 992 Tu
491 966 588 993 vero
625 951 694 1006 qui
734 952 788 992 ad
829 956 1022 993 senatum
1062 951 1163 991 nihil
1194 951 1423 1006 scripseris,
1466 956 1515 991 ut
1549 951 1592 991 in
1631 951 1735 991 urbe

135 1018 309 1073 nequior
332 1018 525 1058 inventus
550 1032 595 1058 es
623 1031 748 1071 quam
770 1016 987 1066 Gabinius,
1018 1017 1076 1058 sic
1108 1017 1150 1056 in
1180 1015 1396 1071 provincia
1425 1015 1563 1070 paullo
1591 1020 1735 1056 tamen

136 1098 261 1138 quam
282 1083 348 1123 ille
369 1082 599 1123 demissior.
662 1081 773 1122 Nam
803 1082 871 1122 ille
892 1097 1045 1136 gurges
1066 1087 1192 1137 atque
1214 1082 1350 1132 heluo,
1375 1087 1500 1122 natus
1522 1081 1735 1122 abdomini

135 1163 223 1198 suo,
247 1163 331 1188 non
352 1147 464 1187 laudi
496 1152 622 1201 atque
654 1146 824 1200 gloriae,
855 1161 983 1200 quum
1011 1147 1173 1201 equites
1202 1147 1416 1186 Romanos
1444 1146 1485 1185 in
1507 1146 1731 1200 provincia,

135 1228 262 1268 quum
292 1211 548 1266 publicanos,
586 1211 804 1251 nobiscum
832 1217 874 1251 et
907 1211 1123 1252 voluntate
1155 1215 1199 1252 et
1230 1210 1437 1264 dignitate
1469 1210 1731 1265 conjunctos,

135 1292 278 1318 omnes
299 1276 490 1324 fortunis,
519 1275 675 1316 multos
707 1276 819 1315 fama
848 1275 1015 1330 vitaque
1046 1276 1265 1331 privasset,
1296 1290 1422 1330 quum
1445 1275 1600 1329 egisset
1621 1275 1735 1317 aliud

134 1342 236 1382 nihil
258 1342 325 1382 illo
348 1341 538 1382 exercitu
566 1340 645 1381 nisi
677 1345 724 1381 ut
752 1341 876 1381 urbes
906 1342 1244 1397 depopularetur,
1278 1355 1403 1395 agros
1436 1345 1635 1390 vastaret,
1663 1355 1734 1381 ex-

134 1406 321 1448 hauriret
341 1407 498 1453 domos,
526 1420 654 1446 ausus
682 1407 907 1461 est—quid
938 1406 1048 1448 enim
1079 1406 1145 1446 ille
1173 1420 1257 1446 non
1288 1406 1444 1446 audeat
1461 1407 1559 1446 Ξ-ει
1585 1410 1735 1447 senatu

132 1472 480 1527 supplicationem
508 1486 583 1526 per
613 1471 778 1512 litteras
799 1472 1025 1526 postulare.
1088 1470 1275 1511 XVIII.
1309 1470 1344 1511 O
1369 1470 1426 1511 dii
1447 1471 1730 1512 immortales!

134 1542 236 1578 tune
258 1536 398 1584 etiam,
433 1541 561 1591 atque
593 1536 697 1576 adeo
728 1551 815 1585 vos,
837 1536 1028 1591 geminae
1049 1536 1268 1590 voragines
1290 1535 1530 1590 scopulique
1551 1535 1610 1576 rei
1632 1536 1735 1590 pub-

134 1601 249 1651 licae,
273 1615 346 1642 vos
366 1615 501 1641 meam
531 1601 743 1641 fortunam
776 1601 1020 1656 deprimitis,
1055 1607 1235 1641 vestram
1267 1600 1498 1641 extollitis?
1529 1615 1655 1655 quum
1683 1601 1734 1641 de

133 1681 200 1707 me
233 1680 282 1707 ea
315 1665 682 1707 senatusconsulta
711 1666 887 1707 absente
919 1665 1032 1706 facta
1058 1665 1155 1715 sint,
1194 1679 1268 1706 eae
1302 1665 1518 1705 contiones
1551 1665 1731 1716 habitae,

134 1730 170 1771 is
204 1735 345 1771 motus
377 1729 504 1771 fuerit
535 1729 856 1785 municipiorum
886 1734 929 1771 et
962 1730 1219 1771 coloniarum
1252 1729 1447 1778 omnium,
1482 1744 1532 1770 ea
1564 1730 1735 1771 decreta

133 1795 461 1851 publicanorum,
504 1809 553 1835 ea
588 1794 869 1849 collegiorum,
912 1809 961 1835 ea
1002 1794 1178 1849 denique
1218 1809 1420 1849 generum
1461 1795 1735 1850 ordinumque

134 1860 332 1910 omnium,
356 1874 461 1914 quae
494 1874 577 1899 non
609 1860 733 1900 modo
755 1874 832 1913 ego
862 1863 1007 1913 optare
1040 1874 1266 1914 numquam
1294 1860 1504 1908 auderem,
1527 1860 1601 1900 sed
1623 1860 1733 1914 cogi-

134 1930 225 1966 tare
246 1939 330 1965 non
365 1938 544 1979 possem,
578 1938 652 1964 vos
685 1929 829 1965 autem
861 1923 1137 1978 sempiternas
1169 1923 1432 1965 foedissimae
1461 1924 1735 1979 turpitudinis

133 1994 258 2030 notas
279 1988 506 2030 subieritis.
569 1988 640 2029 An
662 2003 754 2043 ego,
779 1988 814 2029 si
836 1993 879 2029 te
901 1993 945 2028 et
969 1988 1192 2028 Gabinium
1212 1989 1324 2029 cruci
1346 1989 1517 2029 suffixos
1537 1989 1732 2037 viderem,

134 2055 291 2109 majore
313 2055 500 2094 afficerer
520 2053 683 2094 laetitia
713 2067 766 2093 ex
794 2051 981 2107 corporis
1004 2052 1131 2092 vestri
1154 2052 1409 2093 laceratione
1431 2067 1556 2107 quam
1576 2053 1735 2094 afficior

135 2134 187 2160 ex
208 2119 343 2159 famae
360 2120 373 2158 3
429 2117 599 2158 Nullum
619 2121 685 2157 est
705 2116 953 2171 supplicium
973 2116 1219 2170 putandum,
1243 2130 1325 2170 quo
1347 2116 1456 2156 affici
1477 2131 1574 2157 casu
1597 2117 1734 2172 aliquo

135 2183 264 2224 etiam
285 2182 383 2223 boni
399 2182 474 2222 viri
494 2182 706 2235 fortesque
727 2185 919 2235 possunt.
975 2180 1121 2234 Atque
1142 2181 1221 2221 hoc
1245 2181 1411 2235 quidem
1433 2181 1560 2221 etiam
1582 2181 1651 2222 isti
1673 2183 1736 2222 tui

136 2248 279 2288 dicunt
299 2245 521 2301 voluptarii
543 2245 720 2293 Graeci3
757 2259 861 2299 quos
893 2243 1054 2285 utinam
1087 2244 1148 2285 ita
1179 2245 1359 2295 audires,
1395 2250 1443 2286 ut
1474 2250 1595 2287 erant
1619 2246 1734 2286 audi-

181 2370 222 2390 an
245 2358 380 2398 amieos]
407 2359 563 2398 Compare
586 2359 636 2388 De
661 2357 752 2388 Prov.
771 2358 864 2388 Cons.
882 2368 909 2387 e.
954 2358 1010 2388 the
1026 2358 1096 2398 ship
1122 2359 1158 2389 of
1181 2359 1236 2389 the
1263 2361 1344 2389 state
1368 2359 1395 2389 is
1418 2359 1733 2389 wrecked.—‘colle-

136 2405 167 2439 6,
186 2406 205 2419 “
217 2407 272 2432 aut
288 2403 404 2431 amieos
423 2401 518 2431 habet
534 2400 787 2440 prudentiores.’'
813 2401 907 2430 Lam·
954 2402 1078 2439 giorum
1092 2401 1112 2431 ε’
1138 2402 1192 2431 the
1217 2402 1359 2432 societies
1384 2402 1419 2431 of
1441 2402 1565 2432 various
1591 2402 1685 2431 kinds
1701 2402 1734 2430 in

136 2446 230 2476 binus
243 2449 338 2474 wrote
355 2448 405 2474 ‘et
421 2443 560 2474 amicos.'
607 2444 758 2474 Graevius
773 2444 910 2482 thought
956 2444 1057 2474 Rome
1085 2444 1161 2484 (Pro
1187 2445 1299 2481 Sestio,
1327 2455 1353 2474 c.
1383 2446 1431 2480 14,
1452 2444 1516 2484 15),
1541 2444 1618 2474 such
1638 2454 1672 2474 as
1688 2454 1734 2473 we

136 2489 206 2518 that
222 2491 230 2504 ‘
241 2499 281 2517 an
293 2488 300 2501 '
318 2487 417 2526 ought
443 2491 476 2516 to
500 2486 539 2515 be
565 2486 684 2516 erased.
731 2486 765 2516 If
785 2490 792 2503 ⁴
807 2497 847 2516 an
859 2487 866 2499 ’
883 2487 909 2516 is
953 2487 1019 2516 find
1036 2487 1068 2516 in
1085 2497 1179 2526 many
1195 2488 1327 2526 English
1343 2491 1454 2516 towns.

136 2531 232 2570 right,
248 2541 293 2559 we
310 2534 395 2559 must
410 2532 518 2568 repeat
534 2532 542 2545 ‘
557 2529 662 2558 malim
678 2528 797 2558 videri.'
995 2530 1186 2569 voluptarii]
1213 2530 1282 2560 The
1298 2530 1503 2569 Epicureans,
1514 2529 1554 2559 he
1569 2539 1649 2568 says,
1662 2529 1734 2558 who

185 2573 426 2603 Thessalonicae
443 2594 450 2601 .
469 2593 476 2601 .
493 2572 647 2601 militaris
655 2572 740 2611 viae]
758 2572 806 2601 De
818 2572 908 2602 Prov.
954 2581 1096 2602 measure
1112 2573 1283 2612 happiness
1300 2572 1341 2611 by
1364 2572 1517 2611 pleasure,
1534 2572 1638 2601 would
1653 2571 1734 2601 have

137 2617 234 2647 Cons.
252 2625 278 2645 c.
296 2617 382 2645 2.-‘
395 2624 493 2653 quum
510 2613 696 2652 publicanos
711 2614 730 2643 :'
759 2615 806 2643 De
819 2615 908 2644 Prov.
954 2615 1067 2653 taught
1084 2615 1149 2644 him
1162 2615 1267 2645 better
1276 2615 1302 2644 if
1310 2615 1350 2644 he
1363 2615 1424 2644 had
1437 2614 1572 2644 listened
1585 2617 1617 2644 to
1632 2614 1733 2644 them.

138 2659 235 2690 Cons.
253 2668 279 2687 c.
296 2659 382 2688 4.—‘
393 2657 447 2686 illo
463 2657 602 2686 exercitu
617 2656 636 2685 ι’
654 2657 695 2686 V.
720 2660 727 2673 ‘
738 2657 771 2686 in
781 2657 834 2686 illo
856 2667 909 2686 ex-
955 2657 1045 2697 They
1061 2658 1165 2687 would
1182 2658 1261 2687 have
1277 2658 1391 2695 taught
1406 2657 1472 2686 him
1495 2660 1529 2686 to
1548 2656 1622 2686 seek
1645 2657 1732 2695 plea-

137 2702 237 2732 ercitu
251 2700 258 2714 '
277 2700 368 2730 C.-‘
380 2699 527 2729 audeatz'
545 2699 586 2728 V.
631 2699 701 2728 The
713 2700 803 2728 other
816 2699 911 2729 MSS.
958 2710 1028 2729 sure
1044 2701 1075 2729 in
1092 2710 1111 2729 a
1127 2700 1230 2730 better
1246 2710 1313 2739 way
1329 2701 1407 2729 than
1430 2700 1472 2738 by
1487 2699 1586 2737 living
1607 2699 1663 2728 the
1678 2699 1733 2728 life

137 2744 218 2774 have
245 2746 252 2760 ‘
267 2742 419 2773 auderet.'
481 2744 502 2758 ‘⁴
517 2741 660 2771 Delenda
683 2742 777 2771 dictio
803 2743 855 2775 in;
881 2746 913 2771 et
958 2742 992 2771 of
1012 2753 1030 2772 a
1059 2743 1373 2780 hog.——‘Phalaridis
1388 2742 1407 2771 τ’
1431 2742 1487 2771 the
1512 2741 1565 2771 old
1589 2744 1676 2780 story
1701 2741 1737 2770 of

137 2790 211 2826 post
227 2786 305 2816 duos
320 2794 437 2820 versus,
461 2784 516 2814 ubi
543 2787 591 2813 est
614 2793 676 2813 non
701 2785 843 2821 auderet,
869 2785 912 2814 le-
959 2785 1099 2815 Phalaris
1123 2785 1185 2814 and
1208 2785 1258 2815 his
1285 2785 1399 2814 brazen
1415 2784 1492 2818 bull,
1509 2784 1542 2813 in
1567 2783 1669 2812 which
1692 2783 1733 2812 he
1773 2810 1782 2816 ,

136 2829 275 2868 gendum
293 2837 356 2858 non
372 2826 521 2857 audeat''
548 2826 731 2866 (Faernus).
958 2828 1065 2866 placed
1097 2838 1169 2857 men
1199 2828 1261 2856 and
1292 2827 1411 2866 lighted
1440 2837 1459 2856 a
1488 2827 1545 2855 fire
1569 2826 1670 2855 under
1695 2826 1733 2855 it.

185 2873 233 2902 18.
257 2870 439 2909 vorayines]
481 2869 625 2904 Chasms,
673 2869 772 2905 holes,
810 2869 912 2899 which
958 2868 1063 2909 (Vei-r.
1088 2871 1119 2900 ii.
1146 2872 1174 2905 4,
1200 2880 1227 2900 c.
1251 2871 1303 2903 33.
1327 2870 1399 2899 Vol.
1423 2869 1459 2908 i.)
1506 2868 1647 2898 Phalaris
1669 2867 1733 2896 and

137 2914 272 2945 swallow
294 2923 350 2954 up.
397 2913 448 2943 He
477 2912 554 2942 adds
582 2911 710 2942 ‘rocks’
742 2922 785 2942 on
811 2912 913 2942 which
957 2913 1006 2943 his
1021 2913 1089 2943 bull
1104 2912 1192 2943 often
1207 2911 1353 2952 supplied
1378 2911 1488 2944 cicero
1503 2911 1579 2943 with
1605 2912 1732 2942 matter.
