1816 3211
112 159 196 200 358
448 154 626 196 ORAT.
662 153 781 195 PRO
815 153 864 193 T.
898 151 1095 221 aNNIO
1130 152 1372 194 MILONE

779 222 945 259 med
1268 202 1560 264 chnycastfss

112 270 225 312 varia
247 269 356 311 vitae
385 266 777 321 commutabilisque
808 266 931 320 rajtio,
954 280 1080 321 quam
1101 280 1208 321 vaga
1228 266 1497 326 volubilisque
1528 266 1708 315 fortuna,

113 340 294 391 quantae
334 335 604 375 infidelitates
645 331 686 371 in
721 331 881 379 amicis,
915 345 1037 385 quam
1078 332 1132 371 ad
1172 336 1339 386 tempus
1380 337 1504 386 aptae
1544 331 1709 372 simula-

114 402 262 448 tiones,
285 405 465 456 quantae
496 399 537 438 in
566 396 759 452 periculis
780 396 903 451 fugae
924 396 1220 451 proximorum,
1244 401 1425 452 quantae
1446 396 1709 438 timiditates.

115 466 225 515 Erit,
259 466 339 506 erit
371 465 470 505 illud
502 463 689 518 profecto
723 466 904 516 tempus,
935 466 979 503 et
1006 461 1217 523 illucescet
1254 461 1477 516 aliquando
1510 461 1577 502 ille
1608 458 1816 509 dies‚0⁶us

114 545 240 586 quum
271 535 318 570 tu
348 528 612 576 salutaribus,
636 530 686 567 ut
716 541 850 581 sperO,
874 526 998 567 rebus
1019 527 1115 577 tuis,
1140 527 1213 567 sed
1233 526 1414 568 fortasse
1434 530 1552 567 motu
1574 525 1816 608 aliqugsqfh

115 593 395 636 communium
436 590 803 646 temporum—qui
845 605 970 645 quam
1011 592 1158 632 crebro
1199 592 1364 633 accidat
1403 591 1564 651 experti
1604 590 1712 631 scire

115 660 419 701 debemus—et
434 656 674 697 amicissimi
695 655 1042 706 benevolentiam,
1059 661 1103 697 et
1122 656 1352 711 gravissimi
1374 656 1551 696 hominis
1571 655 1709 704 fidem,

114 728 158 764 et
192 721 314 762 unius
347 725 444 776 post
476 718 666 760 homines
702 723 825 759 natos
860 718 1076 759 fortissimi
1107 719 1184 759 viri
1217 718 1550 773 magnitudinem
1585 717 1712 777 animi

115 786 340 827 desideres.
403 784 664 838 Quamquam
694 783 787 838 quis
818 784 898 824 hoc
927 784 1074 825 credat
1101 783 1175 824 Gn.
1201 784 1459 839 Pompeium,
1477 783 1584 838 juris
1610 783 1712 838 pub-

115 851 196 902 lici,
238 850 366 891 moris
406 850 625 904 majorum,
670 849 730 890 rei
779 849 956 903 denique
996 849 1186 904 publicae
1229 850 1540 904 peritissimum,
1584 863 1713 904 quum

116 920 288 958 senatus
317 915 354 956 ei
391 914 658 971 commiserit,
685 920 734 955 ut
764 913 939 964 videret,
966 914 1031 954 Ne
1062 915 1159 969 quid
1190 930 1257 956 res
1285 915 1450 970 publica
1472 913 1712 956 detrimenti

118 987 432 1037 caperet—quo
467 994 548 1020 uno
579 979 782 1020 versiculo
815 979 919 1020 satis
952 980 1103 1021 armati
1131 995 1296 1035 semper
1327 980 1520 1021 consules
1543 980 1714 1020 fuerunt

117 1047 244 1088 etiam
259 1045 383 1086 nullis
399 1044 527 1085 armis
548 1044 829 1085 datis—hunc
853 1044 1051 1094 exercitu,
1070 1044 1178 1085 hunc
1201 1045 1364 1086 delectu
1382 1045 1495 1094 dato,
1507 1043 1713 1098 judicium

117 1115 463 1166 exspectaturum
484 1109 610 1149 fuisse
632 1108 674 1148 in
695 1109 785 1162 ejus
807 1108 990 1149 consiliis
1011 1109 1272 1150 vindicandis
1294 1109 1362 1163 qui
1385 1110 1422 1149 vi
1445 1109 1603 1163 judicia
1623 1109 1713 1163 ipsa

116 1176 312 1218 tolleret?
375 1174 489 1215 Satis
515 1173 752 1227 judicatum
783 1178 849 1214 est
879 1188 905 1214 a
927 1172 1141 1227 Pompeio,
1165 1174 1281 1222 satis,
1306 1174 1410 1214 falso
1433 1174 1514 1215 ista
1535 1173 1713 1214 conferri

117 1242 159 1282 in
195 1241 410 1289 Milonem,
444 1238 513 1293 qui
540 1238 675 1292 legem
706 1237 817 1285 tulit,
841 1252 935 1292 (pla,
959 1244 1008 1279 ut
1039 1252 1117 1291 ego
1148 1238 1295 1289 sentio,
1322 1238 1524 1278 Milonem
1554 1238 1713 1279 absolvi

114 1322 140 1347 a
160 1305 277 1347 vobis
298 1309 526 1359 oporteret,
549 1307 597 1344 ut
619 1317 763 1343 omnes
785 1302 1052 1352 confitentur,
1075 1303 1235 1344 liceret.
1299 1303 1422 1354 Quod
1443 1318 1540 1344 vero
1571 1303 1613 1343 in
1643 1302 1712 1343 illo

115 1372 206 1412 loco
238 1374 365 1424 atque
396 1368 476 1409 illis
502 1367 760 1424 publicorum
792 1367 1094 1422 praesidiorum
1120 1368 1250 1423 copiis
1283 1368 1557 1409 circumfusus
1578 1368 1710 1417 sedet,

115 1436 219 1477 satis
241 1434 430 1476 declarat
450 1448 496 1474 se
524 1448 606 1474 non
629 1438 833 1473 terrorem
855 1432 1006 1473 inferre
1028 1433 1306 1488 vobis—quid
1337 1434 1446 1474 enim
1476 1433 1613 1474 minus
1643 1433 1711 1474 illo

116 1502 287 1557 dignum
317 1514 442 1555 quam
474 1513 622 1553 cogere
658 1503 707 1539 ut
737 1513 811 1538 vos
842 1512 937 1538 eum
968 1498 1267 1550 condemnetis,
1301 1498 1343 1539 in
1375 1513 1497 1554 quem
1527 1483 1816 1556 animad-fh‘

115 1572 279 1609 vertere
310 1566 397 1621 ipse
426 1569 470 1606 et
501 1578 614 1604 more
635 1563 843 1618 majorum
870 1569 914 1604 et
943 1578 1019 1604 suo
1046 1564 1140 1618 jure
1172 1564 1474 1618 posseti—-sed
1505 1563 1712 1619 praesidio

116 1647 218 1681 esse,
242 1636 290 1672 ut
322 1629 567 1684 intelligatis
589 1633 737 1670 contra
767 1628 1006 1669 hesternam
1037 1628 1147 1669 illa-m
1179 1629 1417 1670 contionem
1447 1629 1573 1670 licere
1594 1628 1713 1670 vobis

115 1697 226 1752 quod
248 1694 442 1737 sentiatis
463 1694 591 1734 libere
608 1693 814 1748 judicare.

173 1759 387 1801 XXVII,
421 1759 510 1800 Nec
541 1773 638 1799 vero
669 1772 749 1807 me,
771 1756 950 1811 judices,
976 1756 1218 1798 Clodianum
1246 1758 1402 1800 crimen
1429 1763 1597 1808 movet;
1632 1774 1710 1800 nec

158 1906 210 1935 26.
236 1905 449 1934 communium
467 1904 661 1944 temporum]
703 1904 779 1934 This
795 1904 822 1934 is
838 1914 893 1944 op·
933 1914 972 1942 ‚as
987 1905 1013 1935 it
1027 1905 1053 1934 is
1069 1905 1198 1944 alleged,
1215 1905 1295 1935 been
1311 1906 1501 1946 attempting
1520 1906 1563 1946 by
1577 1906 1662 1937 force
1678 1910 1711 1937 to

115 1947 212 1986 posed
235 1950 268 1977 to
293 1947 405 1977 ‘rebus
429 1947 515 1983 tuis,’
542 1947 593 1976 ‘in
610 1957 689 1986 your
705 1948 893 1987 prosperity,
939 1950 1009 1987 stop
1023 1948 1152 1986 judicial
1169 1949 1396 1988 proceedings.’

116 1990 132 2019 Ι
158 1990 250 2029 hope,
267 1990 326 2020 but
350 1990 485 2029 perhaps
505 1990 537 2019 in
560 2000 647 2020 some
670 1990 796 2029 general
819 2000 894 2020 con-
980 2000 1037 2020 sno
1053 1991 1147 2030 jure]
1199 1991 1259 2031 ‘by
1275 1992 1377 2021 virtue
1402 1991 1438 2021 of
1455 1991 1503 2021 his
1526 1992 1709 2032 authority.’

114 2033 261 2062 vulsion.'
317 2032 449 2063 Abrami
480 2043 561 2072 says,
595 2032 673 2062 “As
704 2033 730 2062 if
749 2033 790 2062 he
816 2033 892 2067 said,
939 2033 1026 2062 ‘Suo
1068 2033 1153 2072 jure'
1200 2044 1236 2063 or
1277 2037 1353 2074 ‘pro
1392 2044 1448 2064 suo
1487 2035 1580 2074 jure,'
1621 2038 1710 2065 ‘meo

115 2074 296 2114 Pompeius'
321 2076 481 2106 condition
504 2076 530 2104 is
555 2085 590 2105 so
615 2075 684 2104 well
708 2075 801 2111 fixed,
823 2076 893 2105 that

112 2118 138 2147 it
163 2122 278 2148 cannot
294 2118 333 2148 be
356 2118 497 2157 changed
520 2121 633 2156 except
648 2118 724 2148 with
740 2129 758 2148 a
773 2119 893 2157 change

112 2161 146 2190 in
170 2161 225 2191 the
249 2161 375 2200 general
399 2165 478 2191 state
501 2161 536 2190 of
557 2160 697 2190 affairs.'’
744 2161 783 2191 In
800 2171 818 2190 a
835 2161 891 2191 few

114 2213 202 2242 years
233 2204 288 2234 the
319 2204 391 2233 civil
415 2214 478 2233 war
504 2203 601 2232 broke
628 2207 694 2237 out,
722 2204 890 2243 Pompeius

113 2246 175 2275 fled
199 2247 280 2276 from
306 2246 388 2285 Italy
413 2246 520 2276 before
542 2246 591 2275 bis
613 2247 803 2283 son-inlaw,
828 2247 890 2276 and

113 2289 175 2318 lost
199 2289 247 2318 his
273 2289 327 2318 life
349 2289 382 2318 in
407 2289 521 2328 Egypt.
568 2288 637 2318 The
663 2290 803 2319 Romans
827 2290 889 2319 had

113 2341 188 2361 seen
224 2331 279 2361 the
310 2332 403 2361 times
435 2331 469 2360 of
504 2331 617 2367 Cinna,
656 2332 788 2368 Marius,
828 2333 888 2362 and

115 2373 211 2410 Sulla,
234 2374 288 2404 the
313 2374 496 2413 conspiracy
519 2374 555 2403 of
578 2374 723 2411 Catilina,
748 2375 810 2404 and
834 2376 889 2405 the

112 2417 347 2456 revolutionary
368 2420 518 2455 attempts
543 2416 578 2446 of
597 2417 726 2447 Clodius
754 2419 889 2457 (experti

113 2459 191 2488 scire
203 2458 624 2500 debemus).—‘desideras,'
637 2460 674 2489 E.
688 2472 695 2497 3
714 2461 888 2490 ‘desidera-

112 2501 184 2537 bis,'
215 2501 311 2531 Bake.
358 2501 563 2531 ‘Desideres’
587 2502 684 2532 refers
708 2506 741 2533 to
770 2506 887 2543 ‘quum

113 2543 171 2574 tu!

157 2588 209 2617 Ne
233 2586 325 2625 quid]

113 2629 224 2659 consul
239 2639 301 2658 was
317 2629 513 2668 empowered
530 2633 562 2659 to
586 2633 709 2669 protect
730 2631 785 2660 the
802 2632 889 2661 State

111 2673 145 2702 in
170 2672 246 2701 time
272 2671 308 2701 of
328 2671 445 2710 danger
473 2671 615 2711 (Sallust,
638 2673 708 2703 Cat.
732 2684 758 2703 e.
776 2675 889 2713 29).—

113 2715 187 2754 ‘qui
211 2713 271 2743 vi:'
296 2713 351 2743 the
375 2719 540 2752 argument
566 2715 591 2744 is
621 2715 691 2745 that
718 2716 888 2755 Pompeius

111 2757 207 2796 being
227 2756 333 2786 armed
355 2756 430 2786 with
455 2757 531 2786 such
556 2767 574 2786 a
597 2758 808 2794 commission,
825 2760 886 2789 and

111 2799 227 2839 having
241 2799 343 2829 raised
359 2802 478 2838 troops,
492 2800 593 2828 would
611 2803 667 2830 not
683 2800 761 2830 have
777 2802 886 2831 waited

110 2843 159 2873 for
175 2843 229 2873 the
244 2842 367 2879 regular
388 2851 497 2872 course
518 2842 552 2871 of
569 2843 682 2880 justice
700 2846 706 2859 ‘
721 2847 753 2873 to
771 2845 886 2883 punish

110 2886 165 2915 tho
190 2885 314 2925 designs
331 2884 366 2915 of
386 2895 404 2914 a
425 2894 498 2914 man
518 2884 581 2914 like
596 2885 686 2922 Milo,
704 2886 729 2915 if
751 2886 790 2916 he
812 2887 884 2924 had,

375 2586 444 2616 The
473 2587 565 2616 usual
594 2587 728 2618 formula
755 2589 844 2618 when
871 2599 889 2618 a

935 2076 1027 2115 jure‚'
1056 2076 1118 2106 and
1146 2077 1200 2106 the
1226 2077 1299 2113 like,
1327 2087 1379 2107 are
1409 2088 1554 2107 common
1585 2088 1710 2117 expres-

937 2119 1032 2154 sions,
1044 2119 1098 2149 the
1113 2120 1232 2158 precise
1248 2121 1394 2159 meaning
1409 2120 1445 2150 of
1457 2121 1557 2150 which
1571 2121 1710 2160 depende

936 2172 977 2191 on
1004 2162 1058 2191 the
1084 2162 1185 2192 words
1212 2163 1287 2193 with
1314 2163 1415 2193 which
1446 2164 1519 2203 they
1543 2174 1596 2193 are
1620 2165 1707 2194 used.

937 2204 995 2234 See
1018 2205 1107 2234 Verr.
1135 2206 1155 2234 i.
1181 2208 1211 2241 5,
1238 2216 1264 2235 c.
1292 2207 1320 2242 1,
1344 2206 1707 2236 note.———‘contionem:’

936 2250 954 2264 ‘⁴
967 2247 1056 2277 Idem
1094 2248 1131 2277 T.
1165 2248 1330 2278 Munatius
1363 2250 1504 2286 Plancus,
1543 2254 1579 2280 ut
1616 2260 1709 2289 saepe

934 2290 1081 2327 diximus,
1107 2295 1179 2330 post
1203 2292 1309 2321 audita
1332 2295 1364 2322 et
1388 2292 1554 2331 obsignata
1579 2293 1707 2322 testium

933 2333 1029 2363 verba
1055 2334 1263 2374 dimissosque
1292 2335 1419 2364 interim
1440 2335 1571 2374 judices,
1599 2339 1710 2366 vocata

934 2377 1080 2406 contione
1096 2377 1276 2407 cohortatus
1292 2381 1359 2407 erat
1379 2379 1531 2417 populum
1555 2382 1591 2408 ut
1614 2379 1708 2408 clusis

933 2419 1071 2449 tabernis
1102 2423 1228 2458 postero
1259 2421 1308 2450 die
1338 2420 1377 2450 ad
1404 2421 1555 2459 judicium
1585 2421 1709 2451 adesset

933 2472 991 2491 nec
1001 2466 1160 2501 pateretur
1169 2462 1248 2492 elabi
1261 2463 1414 2493 Milonem
1423 2463 1443 2476 ''
1456 2463 1613 2504 (Ascon.).
1650 2465 1708 2493 See

932 2505 997 2534 also
1013 2505 1067 2534 the
1084 2505 1304 2535 Introduction
1320 2506 1355 2535 of
1366 2506 1531 2543 Asconius,
1548 2517 1579 2545 p.
1596 2508 1670 2537 322.

976 2549 1027 2583 27.
1053 2548 1123 2577 Nec
1139 2548 1229 2587 vero]
1280 2549 1366 2578 Here
1392 2549 1501 2588 begins
1532 2550 1587 2579 the
1615 2559 1707 2588 argu-

933 2591 1108 2620 mentation
1147 2593 1255 2620 ‘extra
1288 2591 1446 2621 caussam'
1486 2591 1553 2632 (see
1582 2601 1608 2621 c.
1639 2593 1706 2630 34).

935 2633 1110 2666 Quintilian
1136 2632 1201 2672 (vii.
1224 2636 1255 2670 4,
1278 2635 1308 2669 7,
1330 2634 1392 2664 and
1417 2634 1457 2664 iv.
1484 2636 1514 2671 5,
1544 2634 1596 2673 12)
1621 2643 1705 2672 says:

935 2678 954 2692 “
969 2675 1101 2714 Egregie
1127 2675 1236 2705 Cicero
1268 2687 1325 2716 pro
1349 2677 1470 2707 Milone
1493 2676 1706 2706 insidiatorem

932 2718 1036 2757 primo
1067 2718 1213 2748 Clodium
1245 2719 1390 2754 ostendit,
1419 2723 1487 2749 tum
1518 2718 1638 2748 addidit
1667 2729 1705 2748 ex

932 2760 1136 2797 abundantia,
1153 2762 1247 2791 etiam
1272 2762 1297 2791 si
1320 2762 1352 2791 id
1378 2772 1441 2792 non
1466 2762 1586 2795 fuisset,
1610 2761 1703 2791 talem

931 2806 1039 2833 tamen
1070 2803 1169 2833 civem
1200 2814 1272 2834 cum
1305 2815 1427 2834 summa
1456 2804 1572 2834 virtute
1608 2804 1704 2833 inter-

931 2845 1056 2876 fectoris
1073 2849 1106 2876 et
1118 2846 1215 2885 gloria
1232 2848 1335 2877 necari
1349 2845 1517 2887 potuisse''
1537 2845 1677 2887 (Halm).
