1816 3211
147 676 675 754 ORATIONUM
761 671 1476 749 PHILIPPICARUM

415 851 621 897 LIBER
654 848 1273 897 TERTIUSDECIMUS.

70 1190 107 1231 I.
139 1190 181 1231 A
204 1203 436 1230 PRINCIPIO
468 1189 593 1243 hujus
625 1187 734 1237 belli,
767 1191 911 1243 patres
943 1186 1183 1242 conscripti,
1219 1186 1330 1241 quod
1352 1186 1606 1241 cumimpiis

11 1255 170 1296 civibus
206 1254 584 1308 consceleratisque
634 1253 906 1307 suscepimus,
946 1251 1069 1293 timui
1103 1266 1155 1292 ne
1191 1251 1375 1293 conditio
1408 1251 1606 1292 insidiosa

11 1320 127 1374 pacis
171 1319 380 1360 libertatis
429 1318 737 1373 recuperandae
782 1317 922 1357 studia
966 1316 1263 1371 restingueret.
1325 1315 1459 1357 Dulce
1495 1317 1605 1357 enim

9 1385 136 1425 etiam
169 1398 320 1425 nomen
353 1388 419 1424 est
448 1383 575 1438 pacis,
599 1396 665 1423 res
685 1395 782 1422 vero
804 1381 895 1436 ipsa
916 1396 1042 1436 quum
1059 1381 1256 1435 jucunda,
1279 1385 1371 1421 tum
1391 1381 1602 1422 salutaris.

10 1448 120 1489 Nam
147 1463 223 1490 nec
254 1448 438 1503 privatos
469 1448 585 1488 focos
617 1461 694 1487 nec
720 1447 909 1501 publicas
939 1446 1054 1500 leges
1086 1445 1251 1486 videtur
1285 1459 1361 1486 nec
1397 1445 1605 1487 libertatis

2 1513 100 1567 jura
122 1528 220 1554 cara
239 1514 404 1562 habere,
428 1527 551 1567 quem
581 1511 827 1560 discordiae,
851 1526 973 1566 quem
1004 1511 1152 1552 caedes
1180 1510 1340 1559 civium,
1366 1525 1488 1565 quem
1521 1511 1606 1551 bel-

6 1578 93 1618 lum
125 1578 242 1620 civile
274 1578 471 1627 delectat,
503 1591 681 1631 eumque
713 1590 765 1616 ex
795 1590 969 1616 numero
1005 1575 1220 1616 hominum
1253 1575 1516 1629 ejiciendum,
1552 1589 1605 1616 ex

7 1642 159 1683 finibus
193 1643 399 1683 humanae
431 1646 607 1682 naturae
641 1640 1003 1682 exterminandum
1030 1645 1147 1695 puto.
1210 1639 1361 1694 Itaque
1382 1640 1468 1680 sive
1492 1639 1606 1680 Sulla

6 1707 93 1747 sive
117 1707 280 1748 Marius
300 1707 385 1747 sive
406 1710 582 1761 uterque
603 1706 690 1746 Sive
713 1704 915 1746 Octavius
936 1705 1022 1745 sive
1044 1704 1178 1745 Cinna
1199 1704 1285 1745 sive
1315 1704 1468 1745 iterum
1491 1704 1607 1745 Sulla

6 1772 93 1812 sive
113 1771 222 1812 alter
254 1771 418 1812 Marius
439 1776 483 1811 et
505 1771 642 1812 Carbo
664 1770 751 1810 sive
773 1769 843 1824 qui
874 1770 978 1810 alius
1000 1769 1118 1810 civile
1138 1769 1291 1809 bellum
1313 1769 1487 1823 optavit,
1511 1784 1606 1810 eum

7 1836 301 1877 detestabilem
328 1835 459 1877 civem
489 1835 549 1876 rei
580 1835 772 1890 publicae
803 1839 950 1875 natum
975 1834 1132 1889 judico.
1197 1834 1306 1874 Nam
1336 1833 1434 1888 quid
1455 1848 1532 1888 ego
1555 1834 1606 1875 de

4 1901 195 1956 proximo
217 1901 364 1950 dicam,
385 1901 504 1955 cujus
525 1905 624 1942 acta
644 1899 916 1950 defendimus,
935 1904 1150 1940 auctorem
1170 1899 1306 1954 ipsum
1322 1899 1417 1953 jure
1439 1913 1607 1939 caesum

7 1966 212 2007 fatemur?
262 1966 375 2006 Nihil
388 1966 516 2019 igitur
532 1966 611 2006 hoc
628 1965 728 2014 cive,
743 1965 845 2005 nihil
863 1965 942 2006 hoc
959 1965 1125 2005 homine
1140 1964 1333 2014 taetrius,
1353 1964 1387 2005 si
1408 1970 1482 2006 aut
1504 1965 1606 2006 civis

8 2035 84 2072 aut
96 2031 221 2070 homo
234 2030 451 2070 habendus
464 2034 541 2079 est,
553 2029 622 2084 qui
637 2029 754 2070 civile
767 2029 920 2070 bellum
935 2029 1207 2083 concupiscit.
1236 2028 1319 2069 Sed
1334 2029 1412 2070 hoc
1425 2029 1606 2084 primum

7 2095 231 2137 videndum
253 2099 330 2142 est,
353 2099 495 2148 patres
526 2093 766 2148 conscripti,
790 2108 883 2134 cum
915 2092 1159 2133 omnibusne
1181 2107 1264 2147 pax
1285 2107 1376 2133 esse
1397 2094 1531 2147 possit
1551 2108 1606 2135 an

9 2161 64 2202 sit
85 2159 252 2214 aliquod
272 2158 426 2199 bellum
456 2157 718 2212 inexpiabile,
741 2158 783 2198 in
804 2172 885 2212 quo
914 2157 1053 2211 pactio
1075 2157 1190 2211 pacis
1211 2157 1277 2198 lex
1299 2157 1355 2198 sit
1375 2158 1603 2200 servitutis.

11 2225 167 2265 Pacem
201 2237 294 2264 cum
321 2222 514 2277 Scipione
546 2222 661 2262 Sulla
690 2222 775 2263 sive
805 2221 988 2262 faciebat
1018 2221 1104 2262 sive
1131 2221 1367 2269 simulabat,
1396 2235 1479 2262 non
1512 2227 1605 2264 erat

8 2288 327 2344 desperandum,
350 2287 385 2327 si
408 2286 684 2335 convenisset,
707 2287 796 2327 fore
823 2277 1003 2340 aliquem
1029 2286 1289 2327 tolerabilem
1319 2291 1478 2327 statum
1506 2287 1605 2327 civi-

8 2354 125 2396 tatis.
187 2352 320 2393 Cinna
359 2351 394 2392 si
435 2351 703 2392 concordiam
746 2365 841 2392 cum
883 2350 1061 2391 Octavio
1104 2350 1348 2391 confirmare
1389 2351 1600 2403 voluisset,

8 2418 221 2460 hominum
242 2416 284 2456 in
305 2430 349 2457 re
369 2416 536 2471 publica
556 2415 716 2456 sanitas
745 2429 958 2456 remancre
987 2415 1210 2470 potuisset.
1272 2415 1472 2457 Proximo
1494 2417 1602 2458 bello

57 2533 86 2562 l.
104 2532 255 2571 publicas
285 2530 382 2569 leyen]
433 2532 440 2546 ‘
455 2529 600 2559 Publicus
617 2527 624 2541 ’
653 2529 679 2558 is
709 2529 784 2568 only
828 2529 883 2559 the
899 2538 1074 2569 conqueror
1088 2529 1125 2559 of
1135 2529 1190 2559 tho
1206 2529 1338 2559 Cimbri.

9 2574 110 2605 added
131 2577 165 2603 to
184 2573 312 2603 balance
328 2576 335 2589 ⁸
351 2571 511 2611 privatos!
556 2572 587 2601 It
603 2581 710 2601 means
726 2581 783 2601 no·
871 2572 909 2602 de
920 2572 1088 2611 prox-imo]
1137 2572 1173 2603 C.
1191 2572 1316 2603 Caesar.

11 2617 101 2655 thing
130 2617 270 2646 hera—⁴
288 2615 440 2645 libertatis
476 2614 547 2652 jura
564 2614 583 2643 :’
622 2614 706 2644 what
736 2624 782 2644 we
870 2624 941 2644 cnm
959 2614 1125 2654 Scipione]
1175 2614 1234 2645 See
1258 2615 1337 2645 Phil.
1355 2615 1407 2644 xii.
1426 2624 1453 2644 c.
1475 2615 1522 2651 11,
1539 2614 1600 2644 and

10 2660 112 2698 might
128 2659 187 2688 call
203 2658 257 2688 the
274 2661 281 2674 ¹
295 2657 396 2696 rights
414 2657 450 2687 of
469 2656 605 2696 liberty,'
623 2656 682 2686 but
705 2657 730 2687 it
755 2657 781 2686 is
826 2657 880 2688 the
896 2660 980 2687 note.

10 2712 52 2733 no
68 2705 158 2732 exact
173 2711 229 2730 use
245 2700 280 2730 of
293 2702 300 2716 ‘
311 2699 405 2739 jura.'
869 2701 1031 2730 hominum
1048 2721 1056 2730 .
1075 2722 1082 2729 .
1109 2721 1117 2730 .
1135 2701 1310 2739 potuisset]
1352 2703 1371 2717 ‘⁴
1383 2709 1464 2740 quac
1493 2699 1524 2727 in
1556 2698 1596 2727 V¹

57 2743 222 2783 Octavius]
253 2743 322 2773 The
337 2742 447 2772 consul
464 2741 522 2772 Cn.
537 2741 687 2771 Octavius
701 2740 780 2782 (n.c.
826 2743 950 2778 desunt,
981 2743 1014 2773 in
1044 2752 1142 2781 marg.
1173 2753 1284 2772 manus
1315 2753 1376 2773 sec.
1407 2740 1598 2780 supplevit''

9 2786 66 2827 87)
94 2787 164 2816 who
191 2785 364 2826 quarrelled
385 2785 459 2814 with
484 2784 533 2814 his
559 2785 718 2823 colleague
744 2785 781 2815 L.
827 2785 966 2825 (Halm).
1013 2785 1152 2815 Faernus
1176 2785 1331 2825 proposed
1353 2789 1386 2815 to
1410 2784 1482 2815 read
1510 2788 1598 2812 ‘om-

10 2829 175 2860 Cornelius
192 2829 304 2859 Cinna.
350 2827 408 2857 See
428 2827 587 2862 Plutarch,
606 2827 738 2863 Marius,
753 2837 782 2858 c.
826 2829 900 2858 nino
914 2828 922 2842 '
939 2828 987 2858 sor
1003 2831 1011 2845 ⁸
1024 2827 1212 2858 hominum!

10 2874 116 2904 41.---ί
130 2872 210 2902 alter
225 2871 347 2901 Marius
361 2870 381 2900 :¹
405 2870 459 2900 the
475 2879 531 2900 son
547 2869 584 2899 of
596 2869 632 2900 C.
649 2869 781 2907 Marius,
