1816 3211
60 173 143 214 344
395 170 573 212 ORAT.
607 170 726 212 PRO
759 171 809 211 T.
843 168 1038 211 ANNIO
1074 168 1317 211 MILONE

58 285 425 341 gravissimamque
446 286 690 326 adolescens
710 282 994 324 nobilissimus
1015 283 1073 324 rei
1101 283 1294 337 publicae
1321 288 1486 339 partem
1517 283 1657 326 fortis-

60 351 163 392 sime
191 351 459 405 suscepisset,
482 356 609 405 atque
636 350 744 389 illam
774 349 965 398 belluam,
994 348 1139 402 judicii
1167 349 1337 403 laqueos
1365 350 1655 398 declinantem,

55 417 144 471 jam
165 416 372 457 irretitam
394 420 569 465 teneret,
594 414 662 469 qui
693 414 821 463 locus,
847 414 958 467 quod
981 420 1147 467 tempus
1169 414 1282 463 illud,
1307 414 1363 454 dii
1384 414 1654 464 immortales,

59 481 166 522 fuit!
233 482 371 532 Quum
393 495 437 520 se
459 480 525 520 ille
552 479 717 534 fugiens
747 478 789 518 in
818 478 1024 518 scalarum
1049 479 1247 519 tenebras
1267 479 1510 528 abdidisset,
1543 493 1656 533 mag-

60 561 160 587 num
185 546 334 586 Miloni
361 545 441 585 fuit
469 544 676 585 conficere
704 543 813 583 illam
846 549 1010 597 pestem
1037 543 1149 584 nulla
1177 558 1252 584 sua
1285 543 1449 594 invidia,
1478 544 1538 584 M.
1561 558 1657 584 vero

61 611 237 652 Antonii
265 610 446 650 maxima
480 609 625 664 gloria.
688 608 812 660 Quid,
837 608 1018 649 comitiis
1039 609 1080 649 in
1107 624 1253 664 campo
1276 609 1440 664 quoties
1467 613 1659 663 potestas

0 656 169 716 dfuitss
200 690 325 730 quum
354 675 422 715 ille
444 674 482 715 vi
515 674 557 714 in
590 678 711 728 septa
741 673 908 723 ruisset,
944 674 1106 729 gladios
1138 674 1473 729 destringendos,
1500 673 1659 728 lapides

54 741 274 796 jaciendos
295 739 537 789 curavisset,
562 729 710 780 deinde
732 738 872 780 subito
890 739 1006 780 vultu
1031 739 1203 780 Milonis
1224 738 1473 794 perterritus
1494 738 1666 793 fugeret*

59 806 113 847 ad
145 805 341 856 Tiberim,
366 820 438 847 vos
460 809 505 847 et
525 818 670 846 omnes
700 805 799 846 boni
819 810 917 846 vota
944 804 1139 846 faceretis
1160 809 1208 846 ut
1242 804 1392 845 Miloni
1418 804 1481 846 uti
1502 804 1659 846 virtute

61 886 137 912 sua
156 871 307 912 liberet
323 871 336 911 ἓ
547 871 548 874 ’

119 936 254 977 XVI.
289 935 423 987 Quem
450 935 580 990 igitur
602 950 697 976 cum
718 935 903 976 omnium
930 935 1070 991 gratia
1097 935 1243 982 noluit,
1265 936 1377 976 hunc
1404 934 1535 976 voluit
1565 948 1660 975 cum

59 1002 293 1057 aliquorum
329 1001 524 1056 querela?
555 1015 678 1055 quem
709 1001 818 1054 jure,
852 1015 975 1055 quem
1007 1001 1111 1051 loco,
1148 1015 1270 1055 quem
1302 1004 1504 1054 tempore,
1538 1014 1660 1054 quem

59 1066 229 1121 impune
259 1081 343 1107 non
376 1071 441 1107 est
473 1081 612 1114 ausus,
646 1066 756 1106 hunc
790 1065 953 1119 injuria,
989 1065 1130 1121 iniquo
1161 1066 1262 1116 loco,
1293 1065 1427 1105 alieno
1456 1069 1656 1119 tempore,

59 1131 241 1186 periculo
263 1131 424 1186 capitis,
450 1146 532 1171 non
554 1130 761 1171 dubitavit
790 1131 1006 1171 occidere?
1036 1130 1296 1186 praesertim,
1326 1130 1500 1184 judices,
1533 1144 1658 1183 quum

59 1197 230 1237 honoris
251 1195 496 1251 amplissimi
527 1195 743 1236 contentio
765 1199 810 1235 et
841 1195 931 1235 dies
952 1195 1216 1236 comitiorum
1237 1196 1441 1244 subesset,
1467 1209 1548 1249 quo
1570 1194 1660 1249 qui-

60 1261 154 1302 dem
166 1260 499 1316 tempore—scio
517 1259 626 1300 enim
644 1274 769 1314 quam
782 1259 931 1300 timida
951 1261 1007 1301 sit
1023 1260 1197 1301 ambitio
1220 1264 1458 1315 quantaque
1476 1264 1520 1300 et
1537 1274 1662 1314 quam

58 1326 223 1368 solicita
245 1326 301 1367 sit
334 1325 544 1380 cupiditas
565 1325 1007 1366 consulatus—omnia
1032 1340 1116 1366 non
1137 1325 1261 1365 modo
1287 1339 1392 1379 quae
1413 1323 1662 1379 reprehendi

59 1393 207 1447 palam,
231 1391 304 1433 sed
325 1391 453 1432 etiam
475 1404 580 1445 quae
602 1390 777 1431 obscure
799 1390 976 1445 cogitari
997 1396 1185 1446 possunt,
1206 1391 1413 1439 timemus,
1436 1404 1660 1438 rumorem,

58 1458 243 1499 fabulam
269 1458 426 1506 fictam,
465 1456 598 1496 levem
634 1455 1001 1511 perhorrescimus,
1032 1471 1105 1497 ora
1138 1455 1322 1497 omnium
1356 1461 1482 1510 atque
1518 1455 1662 1495 oculos

59 1523 284 1565 intuemur.
348 1521 463 1562 Nihil
484 1527 550 1561 est
572 1520 682 1560 enim
706 1526 792 1561 tam
817 1521 954 1571 molle,
977 1527 1065 1562 tam
1087 1527 1290 1570 tenerum,
1314 1526 1402 1562 tam
1423 1524 1497 1560 aut
1517 1519 1662 1574 fragile

59 1593 135 1629 aut
169 1587 350 1628 flexibile
383 1601 509 1641 quam
539 1586 733 1627 voluntas
766 1576 976 1640 erga-nos
1011 1601 1242 1642 sensusque
1275 1586 1437 1636 civium,
1476 1585 1545 1640 qui
1580 1600 1663 1625 non

59 1654 184 1694 modo
202 1651 463 1708 improbitati
486 1651 726 1692 irascuntur
743 1650 1076 1701 candidatorum,
1094 1652 1168 1693 sed
1190 1651 1317 1692 etiam
1338 1651 1380 1691 in
1401 1655 1516 1691 recte
1537 1649 1662 1690 factis

60 1733 183 1773 saepe
204 1717 440 1758 fastidiunt.
503 1716 632 1756 Hunc
666 1716 775 1756 diem
808 1715 937 1770 igitur
969 1718 1103 1772 campi
1135 1721 1350 1772 speratum
1377 1720 1507 1769 atque
1536 1728 1662 1768 exop-

60 1786 199 1823 tatum
220 1781 299 1822 sibi
321 1795 559 1836 proponens
584 1779 688 1820 Milo
711 1780 896 1820 cruentis
925 1782 1117 1822 manibus
1139 1781 1277 1822 scelus
1307 1785 1350 1820 et
1379 1779 1541 1819 facinus
1562 1793 1662 1832 prae

61 1861 106 1887 se
127 1846 262 1887 ferens
284 1852 328 1887 et
344 1846 548 1886 confitens
565 1845 618 1884 ad
639 1844 709 1884 illa
725 1852 908 1899 augusta
929 1846 1214 1887 centuriarum
1230 1844 1417 1898 auspicia
1440 1843 1635 1884 veniebat
1649 1845 1662 1884 ἕ

63 1911 199 1963 Quam
220 1910 298 1951 hoc
320 1925 403 1950 non
425 1908 622 1949 credibile
651 1908 692 1947 in
721 1908 813 1958 hoc,
838 1923 963 1963 quam
995 1910 1105 1951 idem
1131 1910 1172 1950 in
1197 1909 1342 1951 Clodio
1364 1924 1447 1950 non
1469 1909 1662 1949 dubitan-

63 1976 176 2025 dum,
211 1974 280 2030 qui
312 1989 357 2015 se
389 1974 614 2015 interfecto
651 1973 810 2013 Milone
842 1980 1115 2029 regnaturum
1138 1965 1328 2030 putaret.
1393 1974 1516 2026 Quid,
1552 1974 1663 2029 quod

108 2065 268 2104 tenebras]
321 2067 328 2081 ‘
344 2064 483 2094 tenebris
500 2063 508 2076 '
546 2064 584 2093 T.
624 2063 671 2093 8²·
722 2063 840 2093 Baiter·
885 2069 934 2096 est
959 2066 999 2096 ab
1026 2066 1135 2096 eodem
1164 2068 1195 2095 et
1221 2075 1277 2105 pro
1305 2065 1414 2095 eodem
1441 2074 1495 2094 reo
1521 2064 1657 2094 factum:

64 2109 134 2139 The
161 2109 302 2138 Romans
328 2107 420 2137 could
442 2117 498 2137 use
522 2107 621 2136 either
647 2107 839 2146 expression.
887 2109 989 2142 Quem
1006 2108 1134 2148 igitur‚’'
1152 2109 1209 2138 &c.

66 2152 182 2182 Caesar
213 2150 266 2191 (B.
299 2151 338 2181 G.
369 2151 389 2179 i.
422 2150 473 2190 13)
505 2150 561 2179 has
601 2150 742 2188 “reliqui
773 2159 841 2179 sese
929 2153 961 2181 in
989 2156 1075 2182 recle
1089 2152 1211 2190 factis]
1263 2151 1388 2180 ‘When
1412 2150 1488 2189 they
1513 2149 1553 2179 do
1578 2149 1662 2179 what

100 2217 107 2224 .
133 2216 141 2225 .
164 2195 198 2224 in
214 2194 372 2233 proximas
389 2193 480 2222 silvas
496 2192 719 2227 abdiderunt‚'’
736 2193 840 2222 where

66 2237 185 2267 ‘silvis’
214 2237 317 2266 would
347 2239 404 2265 not
430 2236 480 2265 do.
538 2235 623 2265 Here
648 2236 674 2265 it
703 2245 774 2275 may
801 2235 840 2265 be

67 2281 132 2311 said
155 2280 226 2309 that
251 2280 302 2309 ‘in
323 2279 476 2309 scalarum
497 2278 634 2308 tenebris
651 2277 839 2308 abdidisset’

66 2324 93 2353 is
116 2322 287 2353 somewhat
309 2322 472 2357 different;
496 2321 559 2350 like
583 2321 713 2350 “abditi
738 2322 771 2351 in
787 2321 840 2351 sil-

66 2366 113 2396 vis
128 2364 296 2395 latebant’¹
315 2364 454 2404 (Caesar,
475 2364 509 2393 Β.
528 2364 564 2393 G.
583 2364 613 2393 ii.
635 2365 699 2403 19).

110 2407 217 2447 septa]
265 2407 304 2437 T.
336 2407 393 2443 E.;
427 2406 569 2446 ‘saepta’
602 2407 718 2436 Baiter.

70 2450 204 2491 ‘septa,⁷
232 2450 287 2479 the
314 2449 459 2479 enclosed
489 2450 594 2488 places
623 2450 699 2479 used
725 2453 757 2479 at
787 2450 841 2479 the

68 2495 178 2532 voting
200 2496 233 2522 at
255 2493 310 2522 the
333 2492 688 2522 Comitia.—‘ruisset:’
717 2492 754 2522 T.
783 2493 841 2529 E.;

70 2541 77 2555 ‘
91 2535 268 2575 irrupisset'
288 2535 324 2565 C.
342 2535 374 2564 S.

115 2581 164 2610 16.
194 2579 291 2614 Quem
302 2579 404 2617 iyitur
421 2600 428 2607 .

772 2407 841 2436 The

448 2599 456 2607 .
475 2600 482 2607 .
500 2578 643 2608 occidere
654 2577 687 2616 .?]
716 2578 841 2611 Quoted

69 2623 112 2663 by
137 2621 324 2656 Quintilian,
350 2630 378 2650 V.
399 2621 447 2655 14,
465 2622 495 2656 3,
519 2631 553 2650 as
578 2631 617 2649 an
644 2621 786 2660 example
811 2622 847 2651 of

69 2676 129 2695 one
147 2665 183 2695 of
203 2664 257 2694 the
274 2663 382 2693 modes
398 2664 430 2692 of
444 2663 554 2702 proofz
581 2666 600 2680 “
613 2673 653 2693 ex
663 2665 841 2702 puynantz'-

71 2710 128 2739 bus
150 2717 234 2743 vero,
262 2706 347 2746 quod
373 2706 467 2735 etiam
499 2706 600 2735 solum
628 2706 843 2745 Enthymema

70 2751 197 2792 quidam
222 2753 345 2785 vocant,
362 2749 472 2778 fortior
496 2749 596 2778 multo
619 2748 762 2788 probatio
785 2753 842 2780 est.

69 2795 147 2825 Tale
163 2796 212 2823 est
227 2792 387 2822 Ciceronis
402 2801 460 2830 pro
481 2791 622 2821 Milone:
648 2792 725 2830 Ejus
748 2793 845 2831 igitur

70 2837 181 2868 mortis
197 2835 311 2866 sedetis
326 2835 444 2864 ultores
460 2835 549 2873 eujus
564 2834 672 2871 vitam,
687 2835 711 2864 si
727 2835 845 2873 putetis

70 2890 127 2921 per
144 2889 200 2909 vos
224 2878 348 2909 restitui
372 2887 473 2917 posse,
490 2877 748 2910 nolitis—Quod
773 2878 842 2917 qui-

71 2924 143 2953 dem
167 2922 262 2952 etiam
288 2920 456 2961 aliquando
483 2919 683 2959 multiplicari
708 2920 787 2950 solet
809 2924 846 2951 ut

884 2195 911 2225 is
936 2195 1031 2234 right,
1059 2195 1114 2225 the
1140 2195 1251 2234 people
1281 2204 1333 2223 are
1363 2193 1450 2223 often
1475 2193 1663 2222 dissatisfied

884 2239 960 2268 with
973 2238 1083 2268 them.r
1131 2242 1137 2254 ‘
1153 2236 1322 2267 Fastidire’
1339 2237 1365 2266 is
1381 2237 1457 2266 used
1473 2235 1661 2275 absolutely.

886 2281 1072 2311 Sometimes
1110 2281 1135 2310 it
1171 2281 1228 2310 has
1263 2290 1303 2310 an
1339 2279 1526 2313 accusative,
1558 2288 1591 2308 as
1629 2279 1663 2308 in

886 2324 1022 2361 Horace,
1040 2324 1099 2363 Ep.
1122 2324 1142 2354 i.
1159 2326 1190 2360 3,
1205 2334 1233 2353 v.
1254 2324 1302 2360 ll,
1319 2323 1381 2352 and
1396 2322 1575 2358 elsewhere,

915 2409 934 2424 “
949 2406 1102 2437 Fastidire
1117 2406 1202 2436 lacus
1218 2408 1250 2436 et
1265 2406 1348 2435 rivos
1364 2414 1458 2435 ausus
1474 2402 1636 2443 apertos.’'

929 2491 1082 2531 anqusta]
1130 2491 1200 2521 The
1216 2490 1353 2521 Comitia
1368 2498 1448 2519 were
1470 2488 1545 2517 held
1572 2490 1579 2504 ‘
1591 2498 1663 2517 aus-

885 2534 1013 2574 picato,'
1037 2533 1252 2573 conformably
1276 2537 1309 2563 to
1337 2533 1391 2562 the
1417 2531 1572 2570 auspices,
1600 2530 1664 2560 and

886 2582 943 2607 not
967 2578 1089 2617 against
1113 2577 1210 2606 them.
1258 2574 1455 2614 ‘Augustus'
1478 2575 1504 2603 is
1520 2574 1575 2603 the
1591 2583 1663 2612 par-

886 2621 1005 2660 ticipial
1020 2621 1101 2650 form
1118 2620 1153 2649 of
1173 2622 1180 2636 ‘
1194 2618 1316 2658 augur.y
1361 2619 1391 2648 A
1412 2617 1573 2647 murderer
1587 2616 1663 2645 with

887 2664 935 2693 his
960 2664 1075 2702 bloody
1099 2662 1200 2692 hands
1228 2661 1320 2691 could
1344 2664 1400 2690 not
1425 2660 1510 2690 show
1535 2658 1666 2688 himself

887 2711 919 2736 at
935 2707 988 2737 the
1004 2707 1151 2741 Comitia,
1167 2715 1201 2734 as
1219 2705 1327 2735 Cicero
1342 2713 1450 2733 means
1466 2706 1499 2731 to
1516 2711 1580 2740 say.

932 2751 986 2789 qui
1011 2750 1059 2789 se]
1109 2749 1160 2784 S.;
1198 2748 1293 2786 ‘quin
1318 2757 1351 2776 se
1375 2746 1441 2776 ille'
1466 2745 1504 2774 T.
1529 2744 1565 2773 E.
1588 2743 1662 2779 W.;

890 2795 897 2809 ‘
911 2802 982 2822 cum
1000 2802 1033 2822 se
1047 2790 1122 2828 ille,’
1141 2791 1257 2826 Baiter,
1273 2790 1433 2827 following
1448 2798 1466 2817 a
1481 2786 1663 2825 suggestion

889 2836 924 2864 of
939 2835 1099 2865 Halm.—‘
1118 2833 1295 2873 [audaciae]
1311 2833 1330 2862 :⁷
1355 2841 1442 2862 some
1457 2829 1560 2859 critics
1573 2828 1664 2859 don't

888 2878 951 2907 like
966 2878 1020 2908 the
1036 2878 1121 2907 word
1136 2877 1220 2913 here,
1237 2877 1298 2906 and
1321 2876 1347 2905 it
1367 2882 1466 2905 seems
1482 2874 1516 2902 to
1532 2871 1663 2910 damage

889 2921 942 2951 the
958 2930 1058 2951 sense.
