<?xml version="1.0" encoding="UTF-8"?>
<!DOCTYPE html PUBLIC "-//W3C//DTD XHTML 1.0 Transitional//EN"
    "http://www.w3.org/TR/xhtml1/DTD/xhtml1-transitional.dtd">
<html xmlns="http://www.w3.org/1999/xhtml" xml:lang="en" lang="en">
 <head>
  <title>
</title>
<meta http-equiv="Content-Type" content="text/html;charset=utf-8" />
  <meta name='ocr-system' content='tesseract 3.04.00' />
  <meta name='ocr-capabilities' content='ocr_page ocr_carea ocr_par ocr_line ocrx_word'/>
</head>
<body>
  <div class='ocr_page' id='page_1' title='image "./orationeswithcom04ciceuoft/orationeswithcom04ciceuoft_0683.png"; bbox 0 0 1816 3211; ppageno 0'>
   <div class='ocr_carea' id='block_1_1' title="bbox 72 175 1680 2149">
    <p class='ocr_par' dir='ltr' id='par_1_1' title="bbox 72 175 1680 1762">
     <span class='ocr_line' id='line_1_1' title="bbox 737 175 1675 221; baseline 0.003 -3"><span class='ocrx_word' id='word_1_1' title='bbox 737 175 872 218; x_wconf 81' lang='lat' dir='ltr'><strong>GAP.</strong></span> <span class='ocrx_word' id='word_1_2' title='bbox 905 178 1029 219; x_wconf 79' lang='lat'><strong>2—5.</strong></span> <span class='ocrx_word' id='word_1_3' title='bbox 1597 181 1675 221; x_wconf 88' lang='grc'>661</span> 
     </span>
     <span class='ocr_line' id='line_1_2' title="bbox 72 287 1676 343; baseline 0.003 -15"><span class='ocrx_word' id='word_1_4' title='bbox 72 287 240 329; x_wconf 89' lang='lat' dir='ltr'>insistet</span> <span class='ocrx_word' id='word_1_5' title='bbox 271 293 399 330; x_wconf 88' lang='lat' dir='ltr'>certe.</span> <span class='ocrx_word' id='word_1_6' title='bbox 461 288 571 342; x_wconf 97' lang='lat' dir='ltr'>Quid</span> <span class='ocrx_word' id='word_1_7' title='bbox 603 288 714 329; x_wconf 89' lang='lat' dir='ltr'>enim</span> <span class='ocrx_word' id='word_1_8' title='bbox 753 293 976 330; x_wconf 88' lang='lat' dir='ltr'>revocante</span> <span class='ocrx_word' id='word_1_9' title='bbox 1012 295 1056 330; x_wconf 87' lang='lat' dir='ltr'>et</span> <span class='ocrx_word' id='word_1_10' title='bbox 1087 289 1278 343; x_wconf 89' lang='lat' dir='ltr'>receptui</span> <span class='ocrx_word' id='word_1_11' title='bbox 1316 294 1492 331; x_wconf 78' lang='lat' dir='ltr'>canente</span> <span class='ocrx_word' id='word_1_12' title='bbox 1528 297 1676 334; x_wconf 87' lang='lat' dir='ltr'>senatu</span> 
     </span>
     <span class='ocr_line' id='line_1_3' title="bbox 74 353 1678 409; baseline 0.002 -16"><span class='ocrx_word' id='word_1_13' title='bbox 74 358 273 408; x_wconf 91' lang='lat' dir='ltr'>properet</span> <span class='ocrx_word' id='word_1_14' title='bbox 304 353 528 395; x_wconf 66' lang='lat' dir='ltr'>dimicare?</span> <span class='ocrx_word' id='word_1_15' title='bbox 590 353 671 394; x_wconf 87' lang='lat' dir='ltr'>IV.</span> <span class='ocrx_word' id='word_1_16' title='bbox 704 354 814 406; x_wconf 88' lang='lat' dir='ltr'>Quid</span> <span class='ocrx_word' id='word_1_17' title='bbox 846 359 991 394; x_wconf 89' lang='lat' dir='ltr'>autem</span> <span class='ocrx_word' id='word_1_18' title='bbox 1025 353 1104 394; x_wconf 91' lang='lat' dir='ltr'>hoc</span> <span class='ocrx_word' id='word_1_19' title='bbox 1136 353 1336 407; x_wconf 86' lang='lat' dir='ltr'>injustius</span> <span class='ocrx_word' id='word_1_20' title='bbox 1367 369 1491 409; x_wconf 91' lang='lat' dir='ltr'>quam</span> <span class='ocrx_word' id='word_1_21' title='bbox 1519 371 1596 397; x_wconf 92' lang='lat' dir='ltr'>nos</span> <span class='ocrx_word' id='word_1_22' title='bbox 1618 357 1678 396; x_wconf 89' lang='lat' dir='ltr'>in-</span> 
     </span>
     <span class='ocr_line' id='line_1_4' title="bbox 73 417 1679 473; baseline 0.002 -16"><span class='ocrx_word' id='word_1_23' title='bbox 73 417 304 458; x_wconf 80' lang='lat' dir='ltr'>scientibus</span> <span class='ocrx_word' id='word_1_24' title='bbox 325 418 374 458; x_wconf 89' lang='lat' dir='ltr'>iis</span> <span class='ocrx_word' id='word_1_25' title='bbox 396 418 466 472; x_wconf 91' lang='lat' dir='ltr'>qui</span> <span class='ocrx_word' id='word_1_26' title='bbox 488 418 642 458; x_wconf 90' lang='lat' dir='ltr'>bellum</span> <span class='ocrx_word' id='word_1_27' title='bbox 662 424 814 473; x_wconf 83' lang='lat' dir='ltr'>gerunt</span> <span class='ocrx_word' id='word_1_28' title='bbox 835 419 886 459; x_wconf 87' lang='lat' dir='ltr'>de</span> <span class='ocrx_word' id='word_1_29' title='bbox 908 433 1007 473; x_wconf 88' lang='lat' dir='ltr'>pace</span> <span class='ocrx_word' id='word_1_30' title='bbox 1033 419 1272 468; x_wconf 91' lang='lat' dir='ltr'>decernere,</span> <span class='ocrx_word' id='word_1_31' title='bbox 1297 433 1373 459; x_wconf 89' lang='lat' dir='ltr'>nec</span> <span class='ocrx_word' id='word_1_32' title='bbox 1393 419 1528 460; x_wconf 92' lang='lat' dir='ltr'>solum</span> <span class='ocrx_word' id='word_1_33' title='bbox 1556 421 1679 461; x_wconf 83' lang='lat' dir='ltr'>insci-</span> 
     </span>
     <span class='ocr_line' id='line_1_5' title="bbox 74 482 1679 538; baseline 0.002 -17"><span class='ocrx_word' id='word_1_34' title='bbox 74 482 252 531; x_wconf 76' lang='lat' dir='ltr'>entibus,</span> <span class='ocrx_word' id='word_1_35' title='bbox 287 483 361 523; x_wconf 89' lang='lat' dir='ltr'>sed</span> <span class='ocrx_word' id='word_1_36' title='bbox 397 483 524 523; x_wconf 88' lang='lat' dir='ltr'>etiam</span> <span class='ocrx_word' id='word_1_37' title='bbox 557 483 725 524; x_wconf 66' lang='lat' dir='ltr'>invitis?</span> <span class='ocrx_word' id='word_1_38' title='bbox 787 483 858 523; x_wconf 89' lang='lat' dir='ltr'>An</span> <span class='ocrx_word' id='word_1_39' title='bbox 887 498 960 524; x_wconf 88' lang='lat' dir='ltr'>vos</span> <span class='ocrx_word' id='word_1_40' title='bbox 983 483 1037 523; x_wconf 92' lang='lat' dir='ltr'>A.</span> <span class='ocrx_word' id='word_1_41' title='bbox 1063 483 1265 533; x_wconf 78' lang='lat' dir='ltr'>Hirtium,</span> <span class='ocrx_word' id='word_1_42' title='bbox 1300 484 1679 538; x_wconf 84' lang='lat' dir='ltr'>praeclarissimum</span> 
     </span>
     <span class='ocr_line' id='line_1_6' title="bbox 75 545 1676 603; baseline 0.003 -18"><span class='ocrx_word' id='word_1_43' title='bbox 75 546 297 595; x_wconf 89' lang='lat' dir='ltr'>consulem,</span> <span class='ocrx_word' id='word_1_44' title='bbox 321 546 367 587; x_wconf 81' lang='lat' dir='ltr'>C.</span> <span class='ocrx_word' id='word_1_45' title='bbox 392 545 623 595; x_wconf 83' lang='lat' dir='ltr'>Gaesarem,</span> <span class='ocrx_word' id='word_1_46' title='bbox 655 548 828 588; x_wconf 90' lang='lat' dir='ltr'>deorum</span> <span class='ocrx_word' id='word_1_47' title='bbox 858 547 1058 588; x_wconf 89' lang='lat' dir='ltr'>beneficio</span> <span class='ocrx_word' id='word_1_48' title='bbox 1092 552 1238 588; x_wconf 89' lang='lat' dir='ltr'>natum</span> <span class='ocrx_word' id='word_1_49' title='bbox 1260 548 1439 588; x_wconf 90' lang='lat' dir='ltr'>adhaec</span> <span class='ocrx_word' id='word_1_50' title='bbox 1471 553 1676 603; x_wconf 86' lang='lat' dir='ltr'>tempora,</span> 
     </span>
     <span class='ocr_line' id='line_1_7' title="bbox 75 610 1679 668; baseline 0.003 -19"><span class='ocrx_word' id='word_1_51' title='bbox 75 624 252 664; x_wconf 91' lang='lat' dir='ltr'>quorum</span> <span class='ocrx_word' id='word_1_52' title='bbox 286 610 483 664; x_wconf 77' lang='lat' dir='ltr'>epistolas</span> <span class='ocrx_word' id='word_1_53' title='bbox 513 626 628 666; x_wconf 89' lang='lat' dir='ltr'>spem</span> <span class='ocrx_word' id='word_1_54' title='bbox 649 612 847 652; x_wconf 89' lang='lat' dir='ltr'>victoriae</span> <span class='ocrx_word' id='word_1_55' title='bbox 878 611 1140 652; x_wconf 80' lang='lat' dir='ltr'>declarantes</span> <span class='ocrx_word' id='word_1_56' title='bbox 1161 611 1202 652; x_wconf 90' lang='lat' dir='ltr'>in</span> <span class='ocrx_word' id='word_1_57' title='bbox 1223 627 1348 652; x_wconf 89' lang='lat' dir='ltr'>manu</span> <span class='ocrx_word' id='word_1_58' title='bbox 1369 617 1507 662; x_wconf 86' lang='lat' dir='ltr'>teneo,</span> <span class='ocrx_word' id='word_1_59' title='bbox 1532 628 1679 668; x_wconf 84' lang='lat' dir='ltr'>pacem</span> 
     </span>
     <span class='ocr_line' id='line_1_8' title="bbox 74 674 1679 733; baseline 0.004 -20"><span class='ocrx_word' id='word_1_60' title='bbox 74 674 176 714; x_wconf 91' lang='lat' dir='ltr'>velle</span> <span class='ocrx_word' id='word_1_61' title='bbox 197 674 406 714; x_wconf 68' lang='lat' dir='ltr'>censetis?</span> <span class='ocrx_word' id='word_1_62' title='bbox 468 675 652 716; x_wconf 86' lang='lat' dir='ltr'>Vincere</span> <span class='ocrx_word' id='word_1_63' title='bbox 674 676 730 715; x_wconf 92' lang='lat' dir='ltr'>illi</span> <span class='ocrx_word' id='word_1_64' title='bbox 753 680 969 730; x_wconf 84' lang='lat' dir='ltr'>expetunt,</span> <span class='ocrx_word' id='word_1_65' title='bbox 992 676 1192 730; x_wconf 83' lang='lat' dir='ltr'>pacisque</span> <span class='ocrx_word' id='word_1_66' title='bbox 1215 676 1504 718; x_wconf 88' lang='lat' dir='ltr'>dulcissimum</span> <span class='ocrx_word' id='word_1_67' title='bbox 1526 683 1569 719; x_wconf 90' lang='lat' dir='ltr'>et</span> <span class='ocrx_word' id='word_1_68' title='bbox 1590 679 1679 733; x_wconf 85' lang='lat' dir='ltr'>pul-</span> 
     </span>
     <span class='ocr_line' id='line_1_9' title="bbox 75 738 1679 795; baseline 0.003 -17"><span class='ocrx_word' id='word_1_69' title='bbox 75 738 325 779; x_wconf 88' lang='lat' dir='ltr'>cherrimum</span> <span class='ocrx_word' id='word_1_70' title='bbox 350 753 501 779; x_wconf 90' lang='lat' dir='ltr'>nomen</span> <span class='ocrx_word' id='word_1_71' title='bbox 528 754 612 779; x_wconf 89' lang='lat' dir='ltr'>non</span> <span class='ocrx_word' id='word_1_72' title='bbox 632 740 839 794; x_wconf 86' lang='lat' dir='ltr'>pactione,</span> <span class='ocrx_word' id='word_1_73' title='bbox 864 741 938 780; x_wconf 90' lang='lat' dir='ltr'>sed</span> <span class='ocrx_word' id='word_1_74' title='bbox 959 740 1136 781; x_wconf 84' lang='lat' dir='ltr'>victoria</span> <span class='ocrx_word' id='word_1_75' title='bbox 1161 742 1503 795; x_wconf 87' lang='lat' dir='ltr'>concupiverunt.</span> <span class='ocrx_word' id='word_1_76' title='bbox 1568 743 1679 795; x_wconf 86' lang='lat' dir='ltr'>Quid</span> 
     </span>
     <span class='ocr_line' id='line_1_10' title="bbox 77 803 1679 860; baseline 0.003 -17"><span class='ocrx_word' id='word_1_77' title='bbox 77 803 266 851; x_wconf 86' lang='lat' dir='ltr'>Galliam,</span> <span class='ocrx_word' id='word_1_78' title='bbox 302 817 383 858; x_wconf 93' lang='lat' dir='ltr'>quo</span> <span class='ocrx_word' id='word_1_79' title='bbox 419 804 588 844; x_wconf 83' lang='lat' dir='ltr'>tandem</span> <span class='ocrx_word' id='word_1_80' title='bbox 624 804 763 844; x_wconf 89' lang='lat' dir='ltr'>animo</span> <span class='ocrx_word' id='word_1_81' title='bbox 804 804 910 844; x_wconf 89' lang='lat' dir='ltr'>hanc</span> <span class='ocrx_word' id='word_1_82' title='bbox 946 818 1034 844; x_wconf 89' lang='lat' dir='ltr'>rem</span> <span class='ocrx_word' id='word_1_83' title='bbox 1074 805 1310 845; x_wconf 85' lang='lat' dir='ltr'>audituram</span> <span class='ocrx_word' id='word_1_84' title='bbox 1346 807 1538 860; x_wconf 70' lang='lat' dir='ltr'>putatis?</span> <span class='ocrx_word' id='word_1_85' title='bbox 1601 807 1679 847; x_wconf 90' lang='lat' dir='ltr'>Illa</span> 
     </span>
     <span class='ocr_line' id='line_1_11' title="bbox 75 867 1679 924; baseline 0.002 -16"><span class='ocrx_word' id='word_1_86' title='bbox 75 867 186 908; x_wconf 88' lang='lat' dir='ltr'>enim</span> <span class='ocrx_word' id='word_1_87' title='bbox 213 868 338 922; x_wconf 90' lang='lat' dir='ltr'>hujus</span> <span class='ocrx_word' id='word_1_88' title='bbox 363 868 458 908; x_wconf 89' lang='lat' dir='ltr'>belli</span> <span class='ocrx_word' id='word_1_89' title='bbox 479 868 761 923; x_wconf 83' lang='lat' dir='ltr'>propulsandi,</span> <span class='ocrx_word' id='word_1_90' title='bbox 786 868 1118 916; x_wconf 88' lang='lat' dir='ltr'>administrandi,</span> <span class='ocrx_word' id='word_1_91' title='bbox 1141 869 1374 909; x_wconf 86' lang='lat' dir='ltr'>sustinendi</span> <span class='ocrx_word' id='word_1_92' title='bbox 1397 870 1679 924; x_wconf 87' lang='lat' dir='ltr'>principatum</span> 
     </span>
     <span class='ocr_line' id='line_1_12' title="bbox 75 932 1679 989; baseline 0.001 -16"><span class='ocrx_word' id='word_1_93' title='bbox 75 938 204 974; x_wconf 86' lang='lat' dir='ltr'>tenet.</span> <span class='ocrx_word' id='word_1_94' title='bbox 267 932 402 973; x_wconf 81' lang='lat' dir='ltr'>Gallia</span> <span class='ocrx_word' id='word_1_95' title='bbox 423 933 477 973; x_wconf 89' lang='lat' dir='ltr'>D.</span> <span class='ocrx_word' id='word_1_96' title='bbox 500 933 623 974; x_wconf 83' lang='lat' dir='ltr'>Bruti</span> <span class='ocrx_word' id='word_1_97' title='bbox 655 937 803 974; x_wconf 87' lang='lat' dir='ltr'>nutum</span> <span class='ocrx_word' id='word_1_98' title='bbox 836 933 983 987; x_wconf 89' lang='lat' dir='ltr'>ipsum,</span> <span class='ocrx_word' id='word_1_99' title='bbox 1007 947 1058 973; x_wconf 93' lang='lat' dir='ltr'>ne</span> <span class='ocrx_word' id='word_1_100' title='bbox 1090 933 1229 973; x_wconf 91' lang='lat' dir='ltr'>dicam</span> <span class='ocrx_word' id='word_1_101' title='bbox 1262 933 1498 989; x_wconf 89' lang='lat' dir='ltr'>imperium,</span> <span class='ocrx_word' id='word_1_102' title='bbox 1533 940 1679 976; x_wconf 89' lang='lat' dir='ltr'>secuta</span> 
     </span>
     <span class='ocr_line' id='line_1_13' title="bbox 75 997 1679 1052; baseline 0.001 -15"><span class='ocrx_word' id='word_1_103' title='bbox 75 997 214 1046; x_wconf 89' lang='lat' dir='ltr'>armis,</span> <span class='ocrx_word' id='word_1_104' title='bbox 251 997 361 1044; x_wconf 89' lang='lat' dir='ltr'>viris,</span> <span class='ocrx_word' id='word_1_105' title='bbox 394 997 581 1052; x_wconf 90' lang='lat' dir='ltr'>pecunia,</span> <span class='ocrx_word' id='word_1_106' title='bbox 617 997 714 1037; x_wconf 91' lang='lat' dir='ltr'>belli</span> <span class='ocrx_word' id='word_1_107' title='bbox 755 997 959 1052; x_wconf 90' lang='lat' dir='ltr'>principia</span> <span class='ocrx_word' id='word_1_108' title='bbox 994 997 1206 1044; x_wconf 86' lang='lat' dir='ltr'>firmavit;</span> <span class='ocrx_word' id='word_1_109' title='bbox 1256 998 1403 1038; x_wconf 89' lang='lat' dir='ltr'>eadem</span> <span class='ocrx_word' id='word_1_110' title='bbox 1437 999 1679 1040; x_wconf 88' lang='lat' dir='ltr'>crudelitati</span> 
     </span>
     <span class='ocr_line' id='line_1_14' title="bbox 79 1061 1675 1117; baseline 0.001 -15"><span class='ocrx_word' id='word_1_111' title='bbox 79 1061 144 1102; x_wconf 91' lang='lat' dir='ltr'>M.</span> <span class='ocrx_word' id='word_1_112' title='bbox 159 1061 336 1103; x_wconf 89' lang='lat' dir='ltr'>Antonii</span> <span class='ocrx_word' id='word_1_113' title='bbox 354 1076 473 1102; x_wconf 89' lang='lat' dir='ltr'>suum</span> <span class='ocrx_word' id='word_1_114' title='bbox 488 1066 628 1103; x_wconf 88' lang='lat' dir='ltr'>totum</span> <span class='ocrx_word' id='word_1_115' title='bbox 644 1077 796 1117; x_wconf 91' lang='lat' dir='ltr'>corpus</span> <span class='ocrx_word' id='word_1_116' title='bbox 814 1062 970 1116; x_wconf 87' lang='lat' dir='ltr'>objecit</span> <span class='ocrx_word' id='word_1_117' title='bbox 985 1079 995 1109; x_wconf 92' lang='grc'>;</span> <span class='ocrx_word' id='word_1_118' title='bbox 1016 1061 1273 1111; x_wconf 83' lang='lat' dir='ltr'>exhauritur,</span> <span class='ocrx_word' id='word_1_119' title='bbox 1293 1067 1498 1112; x_wconf 86' lang='lat' dir='ltr'>vastatur,</span> <span class='ocrx_word' id='word_1_120' title='bbox 1515 1064 1649 1104; x_wconf 89' lang='lat' dir='ltr'>uritur</span> <span class='ocrx_word' id='word_1_121' title='bbox 1665 1081 1675 1111; x_wconf 90' lang='lat'>;</span> 
     </span>
     <span class='ocr_line' id='line_1_15' title="bbox 78 1126 1680 1182; baseline 0.001 -15"><span class='ocrx_word' id='word_1_122' title='bbox 78 1141 223 1167; x_wconf 90' lang='lat' dir='ltr'>omnes</span> <span class='ocrx_word' id='word_1_123' title='bbox 254 1141 388 1181; x_wconf 87' lang='lat' dir='ltr'>aequo</span> <span class='ocrx_word' id='word_1_124' title='bbox 418 1127 557 1167; x_wconf 89' lang='lat' dir='ltr'>animo</span> <span class='ocrx_word' id='word_1_125' title='bbox 578 1127 674 1167; x_wconf 89' lang='lat' dir='ltr'>belli</span> <span class='ocrx_word' id='word_1_126' title='bbox 694 1126 856 1182; x_wconf 88' lang='lat' dir='ltr'>patitur</span> <span class='ocrx_word' id='word_1_127' title='bbox 890 1127 1076 1181; x_wconf 88' lang='lat' dir='ltr'>injurias,</span> <span class='ocrx_word' id='word_1_128' title='bbox 1112 1127 1337 1167; x_wconf 89' lang='lat' dir='ltr'>dummodo</span> <span class='ocrx_word' id='word_1_129' title='bbox 1369 1127 1544 1182; x_wconf 88' lang='lat' dir='ltr'>repellat</span> <span class='ocrx_word' id='word_1_130' title='bbox 1573 1128 1680 1182; x_wconf 88' lang='lat' dir='ltr'>peri-</span> 
     </span>
     <span class='ocr_line' id='line_1_16' title="bbox 79 1191 1680 1245; baseline 0.002 -15"><span class='ocrx_word' id='word_1_131' title='bbox 79 1191 218 1231; x_wconf 87' lang='lat' dir='ltr'>culum</span> <span class='ocrx_word' id='word_1_132' title='bbox 237 1191 463 1232; x_wconf 87' lang='lat' dir='ltr'>servitutis.</span> <span class='ocrx_word' id='word_1_133' title='bbox 526 1191 586 1231; x_wconf 87' lang='lat' dir='ltr'>Et</span> <span class='ocrx_word' id='word_1_134' title='bbox 606 1195 655 1231; x_wconf 89' lang='lat' dir='ltr'>ut</span> <span class='ocrx_word' id='word_1_135' title='bbox 675 1191 870 1233; x_wconf 88' lang='lat' dir='ltr'>omittam</span> <span class='ocrx_word' id='word_1_136' title='bbox 898 1191 1077 1245; x_wconf 87' lang='lat' dir='ltr'>reliquas</span> <span class='ocrx_word' id='word_1_137' title='bbox 1098 1196 1242 1245; x_wconf 89' lang='lat' dir='ltr'>partes</span> <span class='ocrx_word' id='word_1_138' title='bbox 1265 1191 1437 1241; x_wconf 82' lang='lat' dir='ltr'>Galliae,</span> <span class='ocrx_word' id='word_1_139' title='bbox 1462 1206 1559 1232; x_wconf 87' lang='lat' dir='ltr'>nam</span> <span class='ocrx_word' id='word_1_140' title='bbox 1580 1198 1680 1234; x_wconf 92' lang='lat' dir='ltr'>sunt</span> 
     </span>
     <span class='ocr_line' id='line_1_17' title="bbox 79 1255 1679 1310; baseline 0.001 -14"><span class='ocrx_word' id='word_1_141' title='bbox 79 1270 223 1296; x_wconf 88' lang='lat' dir='ltr'>omnes</span> <span class='ocrx_word' id='word_1_142' title='bbox 253 1270 385 1310; x_wconf 87' lang='lat' dir='ltr'>pares,</span> <span class='ocrx_word' id='word_1_143' title='bbox 419 1255 615 1297; x_wconf 87' lang='lat' dir='ltr'>Patavini</span> <span class='ocrx_word' id='word_1_144' title='bbox 645 1256 748 1296; x_wconf 88' lang='lat' dir='ltr'>alios</span> <span class='ocrx_word' id='word_1_145' title='bbox 779 1255 1057 1304; x_wconf 81' lang='lat' dir='ltr'>excluserunt,</span> <span class='ocrx_word' id='word_1_146' title='bbox 1081 1255 1185 1296; x_wconf 88' lang='lat' dir='ltr'>alios</span> <span class='ocrx_word' id='word_1_147' title='bbox 1214 1256 1428 1310; x_wconf 89' lang='lat' dir='ltr'>ejecerunt</span> <span class='ocrx_word' id='word_1_148' title='bbox 1456 1256 1606 1297; x_wconf 86' lang='lat' dir='ltr'>missos</span> <span class='ocrx_word' id='word_1_149' title='bbox 1627 1258 1679 1298; x_wconf 90' lang='lat' dir='ltr'>ab</span> 
     </span>
     <span class='ocr_line' id='line_1_18' title="bbox 79 1319 1679 1375; baseline 0.001 -15"><span class='ocrx_word' id='word_1_150' title='bbox 79 1319 294 1362; x_wconf 90' lang='lat' dir='ltr'>Antonio:</span> <span class='ocrx_word' id='word_1_151' title='bbox 329 1320 516 1375; x_wconf 87' lang='lat' dir='ltr'>pecunia,</span> <span class='ocrx_word' id='word_1_152' title='bbox 549 1320 761 1370; x_wconf 85' lang='lat' dir='ltr'>militibus,</span> <span class='ocrx_word' id='word_1_153' title='bbox 790 1325 846 1369; x_wconf 89' lang='lat' dir='ltr'>et,</span> <span class='ocrx_word' id='word_1_154' title='bbox 869 1321 980 1375; x_wconf 91' lang='lat' dir='ltr'>quod</span> <span class='ocrx_word' id='word_1_155' title='bbox 1010 1320 1190 1360; x_wconf 88' lang='lat' dir='ltr'>maxime</span> <span class='ocrx_word' id='word_1_156' title='bbox 1221 1321 1378 1369; x_wconf 86' lang='lat' dir='ltr'>deerat,</span> <span class='ocrx_word' id='word_1_157' title='bbox 1412 1320 1554 1370; x_wconf 86' lang='lat' dir='ltr'>armis,</span> <span class='ocrx_word' id='word_1_158' title='bbox 1585 1336 1679 1362; x_wconf 90' lang='lat' dir='ltr'>nos-</span> 
     </span>
     <span class='ocr_line' id='line_1_19' title="bbox 78 1383 1679 1439; baseline 0 -14"><span class='ocrx_word' id='word_1_159' title='bbox 78 1389 169 1425; x_wconf 90' lang='lat' dir='ltr'>tros</span> <span class='ocrx_word' id='word_1_160' title='bbox 205 1385 331 1425; x_wconf 89' lang='lat' dir='ltr'>duces</span> <span class='ocrx_word' id='word_1_161' title='bbox 365 1385 630 1439; x_wconf 88' lang='lat' dir='ltr'>adjuverunt.</span> <span class='ocrx_word' id='word_1_162' title='bbox 693 1383 907 1425; x_wconf 89' lang='lat' dir='ltr'>Fecerunt</span> <span class='ocrx_word' id='word_1_163' title='bbox 947 1384 1057 1425; x_wconf 89' lang='lat' dir='ltr'>idem</span> <span class='ocrx_word' id='word_1_164' title='bbox 1090 1384 1252 1439; x_wconf 87' lang='lat' dir='ltr'>reliqui,</span> <span class='ocrx_word' id='word_1_165' title='bbox 1290 1384 1359 1439; x_wconf 90' lang='lat' dir='ltr'>qui</span> <span class='ocrx_word' id='word_1_166' title='bbox 1395 1385 1606 1439; x_wconf 87' lang='lat' dir='ltr'>quondam</span> <span class='ocrx_word' id='word_1_167' title='bbox 1638 1385 1679 1426; x_wconf 91' lang='lat' dir='ltr'>in</span> 
     </span>
     <span class='ocr_line' id='line_1_20' title="bbox 79 1449 1679 1503; baseline 0.001 -14"><span class='ocrx_word' id='word_1_168' title='bbox 79 1450 227 1490; x_wconf 87' lang='lat' dir='ltr'>eadem</span> <span class='ocrx_word' id='word_1_169' title='bbox 248 1463 398 1490; x_wconf 87' lang='lat' dir='ltr'>caussa</span> <span class='ocrx_word' id='word_1_170' title='bbox 419 1454 539 1490; x_wconf 88' lang='lat' dir='ltr'>erant</span> <span class='ocrx_word' id='word_1_171' title='bbox 561 1453 603 1490; x_wconf 93' lang='lat' dir='ltr'>et</span> <span class='ocrx_word' id='word_1_172' title='bbox 625 1453 798 1503; x_wconf 89' lang='lat' dir='ltr'>propter</span> <span class='ocrx_word' id='word_1_173' title='bbox 818 1449 1046 1489; x_wconf 88' lang='lat' dir='ltr'>multorum</span> <span class='ocrx_word' id='word_1_174' title='bbox 1067 1464 1271 1489; x_wconf 89' lang='lat' dir='ltr'>annorum</span> <span class='ocrx_word' id='word_1_175' title='bbox 1303 1449 1476 1503; x_wconf 86' lang='lat' dir='ltr'>injurias</span> <span class='ocrx_word' id='word_1_176' title='bbox 1508 1450 1679 1491; x_wconf 86' lang='lat' dir='ltr'>alienati</span> 
     </span>
     <span class='ocr_line' id='line_1_21' title="bbox 78 1513 1679 1569; baseline 0 -14"><span class='ocrx_word' id='word_1_177' title='bbox 78 1528 105 1555; x_wconf 93' lang='lat' dir='ltr'>a</span> <span class='ocrx_word' id='word_1_178' title='bbox 126 1518 275 1555; x_wconf 87' lang='lat' dir='ltr'>senatu</span> <span class='ocrx_word' id='word_1_179' title='bbox 305 1514 579 1569; x_wconf 88' lang='lat' dir='ltr'>putabantur,</span> <span class='ocrx_word' id='word_1_180' title='bbox 603 1528 707 1567; x_wconf 89' lang='lat' dir='ltr'>quos</span> <span class='ocrx_word' id='word_1_181' title='bbox 728 1513 894 1554; x_wconf 85' lang='lat' dir='ltr'>minime</span> <span class='ocrx_word' id='word_1_182' title='bbox 917 1514 1066 1553; x_wconf 88' lang='lat' dir='ltr'>mirum</span> <span class='ocrx_word' id='word_1_183' title='bbox 1087 1519 1152 1554; x_wconf 88' lang='lat' dir='ltr'>est</span> <span class='ocrx_word' id='word_1_184' title='bbox 1174 1514 1483 1554; x_wconf 86' lang='lat' dir='ltr'>communicata</span> <span class='ocrx_word' id='word_1_185' title='bbox 1511 1529 1604 1555; x_wconf 90' lang='lat' dir='ltr'>cum</span> <span class='ocrx_word' id='word_1_186' title='bbox 1631 1514 1679 1555; x_wconf 88' lang='lat' dir='ltr'>iis</span> 
     </span>
     <span class='ocr_line' id='line_1_22' title="bbox 79 1577 1680 1634; baseline 0 -15"><span class='ocrx_word' id='word_1_187' title='bbox 79 1593 124 1620; x_wconf 91' lang='lat' dir='ltr'>re</span> <span class='ocrx_word' id='word_1_188' title='bbox 144 1579 310 1634; x_wconf 89' lang='lat' dir='ltr'>publica</span> <span class='ocrx_word' id='word_1_189' title='bbox 329 1578 472 1619; x_wconf 89' lang='lat' dir='ltr'>fideles</span> <span class='ocrx_word' id='word_1_190' title='bbox 493 1592 597 1628; x_wconf 89' lang='lat' dir='ltr'>esse,</span> <span class='ocrx_word' id='word_1_191' title='bbox 622 1577 692 1632; x_wconf 92' lang='lat' dir='ltr'>qui</span> <span class='ocrx_word' id='word_1_192' title='bbox 721 1577 849 1619; x_wconf 90' lang='lat' dir='ltr'>etiam</span> <span class='ocrx_word' id='word_1_193' title='bbox 870 1583 1068 1632; x_wconf 86' lang='lat' dir='ltr'>expertes</span> <span class='ocrx_word' id='word_1_194' title='bbox 1089 1579 1180 1632; x_wconf 90' lang='lat' dir='ltr'>ejus</span> <span class='ocrx_word' id='word_1_195' title='bbox 1210 1579 1337 1619; x_wconf 89' lang='lat' dir='ltr'>fidem</span> <span class='ocrx_word' id='word_1_196' title='bbox 1366 1593 1484 1619; x_wconf 85' lang='lat' dir='ltr'>suam</span> <span class='ocrx_word' id='word_1_197' title='bbox 1517 1593 1680 1634; x_wconf 90' lang='lat' dir='ltr'>semper</span> 
     </span>
     <span class='ocr_line' id='line_1_23' title="bbox 79 1642 1680 1699; baseline 0.001 -15"><span class='ocrx_word' id='word_1_198' title='bbox 79 1643 396 1698; x_wconf 86' lang='lat' dir='ltr'>praestiterunt.</span> <span class='ocrx_word' id='word_1_199' title='bbox 470 1642 553 1683; x_wconf 90' lang='lat' dir='ltr'>His</span> <span class='ocrx_word' id='word_1_200' title='bbox 598 1642 728 1698; x_wconf 82' lang='lat' dir='ltr'>igitur</span> <span class='ocrx_word' id='word_1_201' title='bbox 768 1642 958 1683; x_wconf 88' lang='lat' dir='ltr'>omnibus</span> <span class='ocrx_word' id='word_1_202' title='bbox 999 1642 1217 1683; x_wconf 82' lang='lat' dir='ltr'>victoriam</span> <span class='ocrx_word' id='word_1_203' title='bbox 1257 1643 1523 1698; x_wconf 85' lang='lat' dir='ltr'>sperantibus</span> <span class='ocrx_word' id='word_1_204' title='bbox 1563 1644 1680 1699; x_wconf 88' lang='lat' dir='ltr'>pacis</span> 
     </span>
     <span class='ocr_line' id='line_1_24' title="bbox 80 1707 1257 1762; baseline -0.001 -13"><span class='ocrx_word' id='word_1_205' title='bbox 80 1723 233 1749; x_wconf 92' lang='lat' dir='ltr'>nomen</span> <span class='ocrx_word' id='word_1_206' title='bbox 253 1707 486 1759; x_wconf 85' lang='lat' dir='ltr'>afferemus,</span> <span class='ocrx_word' id='word_1_207' title='bbox 510 1707 553 1748; x_wconf 88' lang='lat' dir='ltr'>id</span> <span class='ocrx_word' id='word_1_208' title='bbox 574 1713 650 1755; x_wconf 89' lang='lat' dir='ltr'>est,</span> <span class='ocrx_word' id='word_1_209' title='bbox 674 1707 1009 1762; x_wconf 86' lang='lat' dir='ltr'>desperationem</span> <span class='ocrx_word' id='word_1_210' title='bbox 1030 1707 1257 1748; x_wconf 66' lang='lat' dir='ltr'>victoriae?</span> 
     </span>
    </p>

    <p class='ocr_par' dir='ltr' id='par_1_2' title="bbox 81 1771 1680 2149">
     <span class='ocr_line' id='line_1_25' title="bbox 139 1771 1679 1827; baseline 0 -15"><span class='ocrx_word' id='word_1_211' title='bbox 139 1772 196 1814; x_wconf 88' lang='lat' dir='ltr'>V.</span> <span class='ocrx_word' id='word_1_212' title='bbox 229 1772 351 1825; x_wconf 89' lang='lat' dir='ltr'>Quid,</span> <span class='ocrx_word' id='word_1_213' title='bbox 375 1772 409 1813; x_wconf 90' lang='lat' dir='ltr'>si</span> <span class='ocrx_word' id='word_1_214' title='bbox 431 1787 482 1813; x_wconf 93' lang='lat' dir='ltr'>ne</span> <span class='ocrx_word' id='word_1_215' title='bbox 503 1776 646 1827; x_wconf 86' lang='lat' dir='ltr'>potest</span> <span class='ocrx_word' id='word_1_216' title='bbox 668 1772 835 1827; x_wconf 90' lang='lat' dir='ltr'>quidem</span> <span class='ocrx_word' id='word_1_217' title='bbox 860 1771 943 1812; x_wconf 87' lang='lat' dir='ltr'>ulla</span> <span class='ocrx_word' id='word_1_218' title='bbox 965 1785 1057 1812; x_wconf 91' lang='lat' dir='ltr'>esse</span> <span class='ocrx_word' id='word_1_219' title='bbox 1079 1773 1188 1826; x_wconf 65' lang='lat' dir='ltr'>pax?</span> <span class='ocrx_word' id='word_1_220' title='bbox 1233 1773 1350 1824; x_wconf 84' lang='lat' dir='ltr'>Quae</span> <span class='ocrx_word' id='word_1_221' title='bbox 1365 1772 1473 1812; x_wconf 89' lang='lat' dir='ltr'>enim</span> <span class='ocrx_word' id='word_1_222' title='bbox 1495 1776 1561 1812; x_wconf 86' lang='lat' dir='ltr'>est</span> <span class='ocrx_word' id='word_1_223' title='bbox 1582 1786 1679 1812; x_wconf 91' lang='lat' dir='ltr'>con-</span> 
     </span>
     <span class='ocr_line' id='line_1_26' title="bbox 81 1836 1680 1892; baseline -0.001 -13"><span class='ocrx_word' id='word_1_224' title='bbox 81 1837 184 1879; x_wconf 89' lang='lat' dir='ltr'>ditio</span> <span class='ocrx_word' id='word_1_225' title='bbox 215 1837 344 1892; x_wconf 86' lang='lat' dir='ltr'>pacis,</span> <span class='ocrx_word' id='word_1_226' title='bbox 367 1836 408 1876; x_wconf 92' lang='lat' dir='ltr'>in</span> <span class='ocrx_word' id='word_1_227' title='bbox 429 1851 511 1892; x_wconf 89' lang='lat' dir='ltr'>qua</span> <span class='ocrx_word' id='word_1_228' title='bbox 532 1837 570 1877; x_wconf 92' lang='lat' dir='ltr'>ei</span> <span class='ocrx_word' id='word_1_229' title='bbox 592 1851 686 1877; x_wconf 93' lang='lat' dir='ltr'>cum</span> <span class='ocrx_word' id='word_1_230' title='bbox 720 1851 800 1891; x_wconf 91' lang='lat' dir='ltr'>quo</span> <span class='ocrx_word' id='word_1_231' title='bbox 832 1850 978 1891; x_wconf 89' lang='lat' dir='ltr'>pacem</span> <span class='ocrx_word' id='word_1_232' title='bbox 1009 1836 1137 1877; x_wconf 88' lang='lat' dir='ltr'>facias</span> <span class='ocrx_word' id='word_1_233' title='bbox 1170 1836 1270 1876; x_wconf 94' lang='lat' dir='ltr'>nihil</span> <span class='ocrx_word' id='word_1_234' title='bbox 1303 1836 1475 1877; x_wconf 89' lang='lat' dir='ltr'>concedi</span> <span class='ocrx_word' id='word_1_235' title='bbox 1506 1838 1680 1890; x_wconf 68' lang='lat' dir='ltr'>potest?</span> 
     </span>
     <span class='ocr_line' id='line_1_27' title="bbox 85 1900 1680 1955; baseline -0.001 -13"><span class='ocrx_word' id='word_1_236' title='bbox 85 1902 235 1942; x_wconf 88' lang='lat' dir='ltr'>Multis</span> <span class='ocrx_word' id='word_1_237' title='bbox 268 1902 391 1942; x_wconf 87' lang='lat' dir='ltr'>rebus</span> <span class='ocrx_word' id='word_1_238' title='bbox 412 1915 436 1941; x_wconf 87' lang='lat' dir='ltr'>a</span> <span class='ocrx_word' id='word_1_239' title='bbox 457 1901 576 1942; x_wconf 89' lang='lat' dir='ltr'>nobis</span> <span class='ocrx_word' id='word_1_240' title='bbox 603 1901 657 1941; x_wconf 87' lang='lat' dir='ltr'>ad</span> <span class='ocrx_word' id='word_1_241' title='bbox 689 1915 835 1955; x_wconf 89' lang='lat' dir='ltr'>pacem</span> <span class='ocrx_word' id='word_1_242' title='bbox 864 1900 1066 1941; x_wconf 89' lang='lat' dir='ltr'>invitatus</span> <span class='ocrx_word' id='word_1_243' title='bbox 1099 1900 1312 1941; x_wconf 90' lang='lat' dir='ltr'>Antonius</span> <span class='ocrx_word' id='word_1_244' title='bbox 1348 1900 1502 1941; x_wconf 89' lang='lat' dir='ltr'>bellum</span> <span class='ocrx_word' id='word_1_245' title='bbox 1537 1906 1680 1941; x_wconf 87' lang='lat' dir='ltr'>tamen</span> 
     </span>
     <span class='ocr_line' id='line_1_28' title="bbox 81 1965 1680 2020; baseline -0.001 -13"><span class='ocrx_word' id='word_1_246' title='bbox 81 1966 240 2007; x_wconf 87' lang='lat' dir='ltr'>maluit.</span> <span class='ocrx_word' id='word_1_247' title='bbox 304 1965 427 2006; x_wconf 89' lang='lat' dir='ltr'>Missi</span> <span class='ocrx_word' id='word_1_248' title='bbox 468 1966 598 2020; x_wconf 83' lang='lat' dir='ltr'>legati</span> <span class='ocrx_word' id='word_1_249' title='bbox 629 1970 890 2020; x_wconf 84' lang='lat' dir='ltr'>repugnante</span> <span class='ocrx_word' id='word_1_250' title='bbox 931 1980 1011 2013; x_wconf 92' lang='lat' dir='ltr'>me,</span> <span class='ocrx_word' id='word_1_251' title='bbox 1045 1965 1119 2005; x_wconf 92' lang='lat' dir='ltr'>sed</span> <span class='ocrx_word' id='word_1_252' title='bbox 1150 1970 1292 2006; x_wconf 88' lang='lat' dir='ltr'>tamen</span> <span class='ocrx_word' id='word_1_253' title='bbox 1332 1965 1461 2006; x_wconf 88' lang='lat' dir='ltr'>missi.</span> <span class='ocrx_word' id='word_1_254' title='bbox 1526 1965 1680 2006; x_wconf 82' lang='lat' dir='ltr'>Delata</span> 
     </span>
     <span class='ocr_line' id='line_1_29' title="bbox 81 2029 1679 2084; baseline -0.001 -13"><span class='ocrx_word' id='word_1_255' title='bbox 81 2031 309 2071; x_wconf 87' lang='lat' dir='ltr'>mandata:</span> <span class='ocrx_word' id='word_1_256' title='bbox 352 2045 435 2070; x_wconf 93' lang='lat' dir='ltr'>non</span> <span class='ocrx_word' id='word_1_257' title='bbox 465 2030 617 2084; x_wconf 89' lang='lat' dir='ltr'>paruit.</span> <span class='ocrx_word' id='word_1_258' title='bbox 680 2029 986 2070; x_wconf 84' lang='lat' dir='ltr'>Denuntiatum</span> <span class='ocrx_word' id='word_1_259' title='bbox 1017 2034 1082 2070; x_wconf 88' lang='lat' dir='ltr'>est</span> <span class='ocrx_word' id='word_1_260' title='bbox 1109 2044 1160 2069; x_wconf 91' lang='lat' dir='ltr'>ne</span> <span class='ocrx_word' id='word_1_261' title='bbox 1192 2029 1374 2070; x_wconf 88' lang='lat' dir='ltr'>Brutum</span> <span class='ocrx_word' id='word_1_262' title='bbox 1406 2029 1630 2078; x_wconf 88' lang='lat' dir='ltr'>obsideret,</span> <span class='ocrx_word' id='word_1_263' title='bbox 1653 2045 1679 2070; x_wconf 87' lang='lat' dir='ltr'>a</span> 
     </span>
     <span class='ocr_line' id='line_1_30' title="bbox 85 2093 1679 2149; baseline -0.002 -13"><span class='ocrx_word' id='word_1_264' title='bbox 85 2095 254 2137; x_wconf 86' lang='lat' dir='ltr'>Mutina</span> <span class='ocrx_word' id='word_1_265' title='bbox 293 2094 554 2136; x_wconf 88' lang='lat' dir='ltr'>discederet:</span> <span class='ocrx_word' id='word_1_266' title='bbox 594 2093 853 2149; x_wconf 85' lang='lat' dir='ltr'>oppugnavit</span> <span class='ocrx_word' id='word_1_267' title='bbox 881 2093 1007 2134; x_wconf 87' lang='lat' dir='ltr'>etiam</span> <span class='ocrx_word' id='word_1_268' title='bbox 1040 2093 1341 2134; x_wconf 86' lang='lat' dir='ltr'>vehementius.</span> <span class='ocrx_word' id='word_1_269' title='bbox 1404 2093 1463 2134; x_wconf 85' lang='lat' dir='ltr'>Et</span> <span class='ocrx_word' id='word_1_270' title='bbox 1497 2094 1551 2133; x_wconf 88' lang='lat' dir='ltr'>ad</span> <span class='ocrx_word' id='word_1_271' title='bbox 1584 2108 1679 2134; x_wconf 88' lang='lat' dir='ltr'>eum</span> 
     </span>
    </p>
   </div>
   <div class='ocr_carea' id='block_1_2' title="bbox 126 2250 1677 2294">
    <p class='ocr_par' dir='ltr' id='par_1_3' title="bbox 126 2250 1677 2294">
     <span class='ocr_line' id='line_1_31' title="bbox 126 2250 1677 2294; baseline -0.004 -9"><span class='ocrx_word' id='word_1_272' title='bbox 126 2255 267 2294; x_wconf 75' lang='lat' dir='ltr'>insistet]</span> <span class='ocrx_word' id='word_1_273' title='bbox 317 2254 506 2285; x_wconf 87' lang='lat' dir='ltr'>Gulielmius</span> <span class='ocrx_word' id='word_1_274' title='bbox 529 2253 687 2293; x_wconf 83' lang='lat' dir='ltr'>proposed</span> <span class='ocrx_word' id='word_1_275' title='bbox 715 2255 722 2269; x_wconf 78' lang='lat'>⁴</span> <span class='ocrx_word' id='word_1_276' title='bbox 737 2251 858 2288; x_wconf 81' lang='lat' dir='ltr'>sistet;’</span> <span class='ocrx_word' id='word_1_277' title='bbox 904 2252 974 2282; x_wconf 84' lang='lat' dir='ltr'>that</span> <span class='ocrx_word' id='word_1_278' title='bbox 998 2251 1099 2281; x_wconf 85' lang='lat' dir='ltr'>Gallia</span> <span class='ocrx_word' id='word_1_279' title='bbox 1122 2250 1300 2290; x_wconf 83' lang='lat' dir='ltr'>Cispadana</span> <span class='ocrx_word' id='word_1_280' title='bbox 1323 2250 1463 2280; x_wconf 73' lang='lat' dir='ltr'>received</span> <span class='ocrx_word' id='word_1_281' title='bbox 1480 2250 1535 2280; x_wconf 86' lang='lat' dir='ltr'>the</span> <span class='ocrx_word' id='word_1_282' title='bbox 1552 2250 1677 2279; x_wconf 82' lang='lat' dir='ltr'>Roman</span> 
     </span>
    </p>
   </div>
   <div class='ocr_carea' id='block_1_3' title="bbox 83 2295 862 2929">
    <p class='ocr_par' dir='ltr' id='par_1_4' title="bbox 83 2295 858 2329">
     <span class='ocr_line' id='line_1_32' title="bbox 83 2295 858 2329; baseline -0.004 -2"><span class='ocrx_word' id='word_1_283' title='bbox 83 2297 185 2328; x_wconf 90' lang='lat' dir='ltr'>which</span> <span class='ocrx_word' id='word_1_284' title='bbox 200 2298 227 2327; x_wconf 89' lang='lat' dir='ltr'>is</span> <span class='ocrx_word' id='word_1_285' title='bbox 243 2298 298 2327; x_wconf 88' lang='lat' dir='ltr'>the</span> <span class='ocrx_word' id='word_1_286' title='bbox 310 2307 454 2327; x_wconf 89' lang='lat' dir='ltr'>common</span> <span class='ocrx_word' id='word_1_287' title='bbox 470 2297 616 2326; x_wconf 82' lang='lat' dir='ltr'>form.-‘</span> <span class='ocrx_word' id='word_1_288' title='bbox 630 2296 709 2329; x_wconf 76' lang='lat' dir='ltr'>Quis</span> <span class='ocrx_word' id='word_1_289' title='bbox 722 2295 822 2325; x_wconf 89' lang='lat' dir='ltr'>enim’</span> <span class='ocrx_word' id='word_1_290' title='bbox 838 2296 858 2325; x_wconf 93' lang='lat' dir='ltr'>i.</span> 
     </span>
    </p>

    <p class='ocr_par' dir='ltr' id='par_1_5' title="bbox 83 2339 862 2582">
     <span class='ocr_line' id='line_1_33' title="bbox 126 2339 858 2379; baseline -0.005 -9"><span class='ocrx_word' id='word_1_291' title='bbox 126 2342 157 2371; x_wconf 88' lang='grc'>4.</span> <span class='ocrx_word' id='word_1_292' title='bbox 181 2341 215 2370; x_wconf 81' lang='lat' dir='ltr'>in</span> <span class='ocrx_word' id='word_1_293' title='bbox 231 2350 327 2369; x_wconf 83' lang='lat' dir='ltr'>manu</span> <span class='ocrx_word' id='word_1_294' title='bbox 350 2339 453 2379; x_wconf 78' lang='lat' dir='ltr'>teneo]</span> <span class='ocrx_word' id='word_1_295' title='bbox 505 2339 591 2369; x_wconf 87' lang='lat' dir='ltr'>llere</span> <span class='ocrx_word' id='word_1_296' title='bbox 616 2349 661 2368; x_wconf 92' lang='lat' dir='ltr'>we</span> <span class='ocrx_word' id='word_1_297' title='bbox 688 2339 767 2367; x_wconf 86' lang='lat' dir='ltr'>have</span> <span class='ocrx_word' id='word_1_298' title='bbox 794 2339 858 2367; x_wconf 92' lang='lat' dir='ltr'>evi-</span> 
     </span>
     <span class='ocr_line' id='line_1_34' title="bbox 83 2380 860 2420; baseline -0.004 -8"><span class='ocrx_word' id='word_1_299' title='bbox 83 2382 181 2413; x_wconf 88' lang='lat' dir='ltr'>dence</span> <span class='ocrx_word' id='word_1_300' title='bbox 196 2383 266 2412; x_wconf 84' lang='lat' dir='ltr'>that</span> <span class='ocrx_word' id='word_1_301' title='bbox 282 2382 421 2412; x_wconf 87' lang='lat' dir='ltr'>Cicero&#39;s</span> <span class='ocrx_word' id='word_1_302' title='bbox 442 2382 576 2420; x_wconf 88' lang='lat' dir='ltr'>friendly</span> <span class='ocrx_word' id='word_1_303' title='bbox 593 2380 860 2420; x_wconf 85' lang='lat' dir='ltr'>correspondence</span> 
     </span>
     <span class='ocr_line' id='line_1_35' title="bbox 83 2423 859 2465; baseline -0.005 -10"><span class='ocrx_word' id='word_1_304' title='bbox 83 2425 161 2455; x_wconf 83' lang='lat' dir='ltr'>with</span> <span class='ocrx_word' id='word_1_305' title='bbox 190 2435 298 2465; x_wconf 85' lang='lat' dir='ltr'>young</span> <span class='ocrx_word' id='word_1_306' title='bbox 324 2424 439 2455; x_wconf 82' lang='lat' dir='ltr'>Caesar</span> <span class='ocrx_word' id='word_1_307' title='bbox 469 2424 638 2453; x_wconf 82' lang='lat' dir='ltr'>continued</span> <span class='ocrx_word' id='word_1_308' title='bbox 669 2424 782 2459; x_wconf 75' lang='lat' dir='ltr'>during</span> <span class='ocrx_word' id='word_1_309' title='bbox 804 2423 859 2452; x_wconf 84' lang='lat' dir='ltr'>the</span> 
     </span>
     <span class='ocr_line' id='line_1_36' title="bbox 84 2465 862 2506; baseline -0.005 -9"><span class='ocrx_word' id='word_1_310' title='bbox 84 2468 168 2506; x_wconf 78' lang='lat' dir='ltr'>siege</span> <span class='ocrx_word' id='word_1_311' title='bbox 184 2467 220 2497; x_wconf 85' lang='lat' dir='ltr'>of</span> <span class='ocrx_word' id='word_1_312' title='bbox 232 2467 359 2497; x_wconf 87' lang='lat' dir='ltr'>Mutina</span> <span class='ocrx_word' id='word_1_313' title='bbox 373 2479 380 2503; x_wconf 87' lang='lat'>;</span> <span class='ocrx_word' id='word_1_314' title='bbox 404 2467 465 2496; x_wconf 86' lang='lat' dir='ltr'>and</span> <span class='ocrx_word' id='word_1_315' title='bbox 482 2470 535 2506; x_wconf 88' lang='lat' dir='ltr'>yet</span> <span class='ocrx_word' id='word_1_316' title='bbox 551 2466 657 2495; x_wconf 79' lang='lat' dir='ltr'>before</span> <span class='ocrx_word' id='word_1_317' title='bbox 681 2466 734 2494; x_wconf 80' lang='lat' dir='ltr'>thc</span> <span class='ocrx_word' id='word_1_318' title='bbox 750 2465 810 2494; x_wconf 79' lang='lat' dir='ltr'>end</span> <span class='ocrx_word' id='word_1_319' title='bbox 827 2465 862 2493; x_wconf 84' lang='lat' dir='ltr'>of</span> 
     </span>
     <span class='ocr_line' id='line_1_37' title="bbox 84 2508 860 2548; baseline -0.005 -9"><span class='ocrx_word' id='word_1_320' title='bbox 84 2510 140 2539; x_wconf 85' lang='lat' dir='ltr'>the</span> <span class='ocrx_word' id='word_1_321' title='bbox 163 2519 236 2548; x_wconf 83' lang='lat' dir='ltr'>year</span> <span class='ocrx_word' id='word_1_322' title='bbox 260 2509 369 2539; x_wconf 89' lang='lat' dir='ltr'>Cicero</span> <span class='ocrx_word' id='word_1_323' title='bbox 386 2519 448 2538; x_wconf 87' lang='lat' dir='ltr'>was</span> <span class='ocrx_word' id='word_1_324' title='bbox 472 2508 649 2543; x_wconf 77' lang='lat' dir='ltr'>murdered,</span> <span class='ocrx_word' id='word_1_325' title='bbox 666 2508 727 2537; x_wconf 85' lang='lat' dir='ltr'>and</span> <span class='ocrx_word' id='word_1_326' title='bbox 745 2508 860 2537; x_wconf 83' lang='lat' dir='ltr'>Caesar</span> 
     </span>
     <span class='ocr_line' id='line_1_38' title="bbox 85 2551 493 2582; baseline -0.002 -1"><span class='ocrx_word' id='word_1_327' title='bbox 85 2551 255 2582; x_wconf 85' lang='lat' dir='ltr'>consented</span> <span class='ocrx_word' id='word_1_328' title='bbox 271 2555 303 2581; x_wconf 87' lang='lat' dir='ltr'>to</span> <span class='ocrx_word' id='word_1_329' title='bbox 320 2552 374 2581; x_wconf 89' lang='lat' dir='ltr'>the</span> <span class='ocrx_word' id='word_1_330' title='bbox 389 2552 493 2581; x_wconf 87' lang='lat' dir='ltr'>crime.</span> 
     </span>
    </p>

    <p class='ocr_par' dir='ltr' id='par_1_6' title="bbox 85 2591 861 2929">
     <span class='ocr_line' id='line_1_39' title="bbox 130 2591 858 2632; baseline -0.004 -9"><span class='ocrx_word' id='word_1_331' title='bbox 130 2595 184 2632; x_wconf 84' lang='lat' dir='ltr'>qui</span> <span class='ocrx_word' id='word_1_332' title='bbox 211 2594 369 2632; x_wconf 80' lang='lat' dir='ltr'>quondam</span> <span class='ocrx_word' id='word_1_333' title='bbox 400 2595 433 2622; x_wconf 82' lang='lat' dir='ltr'>in</span> <span class='ocrx_word' id='word_1_334' title='bbox 460 2593 567 2622; x_wconf 82' lang='lat' dir='ltr'>eadem</span> <span class='ocrx_word' id='word_1_335' title='bbox 598 2591 725 2630; x_wconf 77' lang='lat' dir='ltr'>caussa]</span> <span class='ocrx_word' id='word_1_336' title='bbox 774 2591 858 2620; x_wconf 79' lang='lat' dir='ltr'>who</span> 
     </span>
     <span class='ocr_line' id='line_1_40' title="bbox 85 2633 859 2669; baseline -0.004 -4"><span class='ocrx_word' id='word_1_337' title='bbox 85 2645 166 2665; x_wconf 83' lang='lat' dir='ltr'>were</span> <span class='ocrx_word' id='word_1_338' title='bbox 189 2645 267 2665; x_wconf 87' lang='lat' dir='ltr'>once</span> <span class='ocrx_word' id='word_1_339' title='bbox 293 2636 335 2665; x_wconf 88' lang='lat' dir='ltr'>all</span> <span class='ocrx_word' id='word_1_340' title='bbox 360 2636 474 2665; x_wconf 81' lang='lat' dir='ltr'>hostile</span> <span class='ocrx_word' id='word_1_341' title='bbox 499 2639 531 2664; x_wconf 87' lang='lat' dir='ltr'>to</span> <span class='ocrx_word' id='word_1_342' title='bbox 562 2635 671 2669; x_wconf 78' lang='lat' dir='ltr'>Rome,</span> <span class='ocrx_word' id='word_1_343' title='bbox 699 2633 759 2663; x_wconf 84' lang='lat' dir='ltr'>and</span> <span class='ocrx_word' id='word_1_344' title='bbox 784 2633 859 2662; x_wconf 88' lang='lat' dir='ltr'>with</span> 
     </span>
     <span class='ocr_line' id='line_1_41' title="bbox 86 2676 859 2717; baseline -0.003 -11"><span class='ocrx_word' id='word_1_345' title='bbox 86 2678 167 2717; x_wconf 90' lang='lat' dir='ltr'>good</span> <span class='ocrx_word' id='word_1_346' title='bbox 205 2687 326 2707; x_wconf 82' lang='lat' dir='ltr'>reason.</span> <span class='ocrx_word' id='word_1_347' title='bbox 389 2677 491 2707; x_wconf 83' lang='lat' dir='ltr'>Gallia</span> <span class='ocrx_word' id='word_1_348' title='bbox 528 2676 688 2714; x_wconf 78' lang='lat' dir='ltr'>Cisalpina</span> <span class='ocrx_word' id='word_1_349' title='bbox 724 2676 859 2705; x_wconf 72' lang='lat' dir='ltr'>suffered</span> 
     </span>
     <span class='ocr_line' id='line_1_42' title="bbox 86 2718 861 2758; baseline -0.001 -9"><span class='ocrx_word' id='word_1_350' title='bbox 86 2720 205 2758; x_wconf 81' lang='lat' dir='ltr'>greatly</span> <span class='ocrx_word' id='word_1_351' title='bbox 227 2720 305 2749; x_wconf 83' lang='lat' dir='ltr'>from</span> <span class='ocrx_word' id='word_1_352' title='bbox 331 2719 385 2749; x_wconf 79' lang='lat' dir='ltr'>the</span> <span class='ocrx_word' id='word_1_353' title='bbox 413 2720 552 2749; x_wconf 84' lang='lat' dir='ltr'>Romans</span> <span class='ocrx_word' id='word_1_354' title='bbox 578 2718 625 2747; x_wconf 86' lang='lat' dir='ltr'>for</span> <span class='ocrx_word' id='word_1_355' title='bbox 649 2728 667 2747; x_wconf 87' lang='lat' dir='ltr'>a</span> <span class='ocrx_word' id='word_1_356' title='bbox 691 2718 764 2756; x_wconf 83' lang='lat' dir='ltr'>long</span> <span class='ocrx_word' id='word_1_357' title='bbox 784 2718 861 2748; x_wconf 83' lang='lat' dir='ltr'>time</span> 
     </span>
     <span class='ocr_line' id='line_1_43' title="bbox 88 2760 860 2802; baseline -0.001 -10"><span class='ocrx_word' id='word_1_358' title='bbox 88 2762 274 2802; x_wconf 77' lang='lat' dir='ltr'>(multorum</span> <span class='ocrx_word' id='word_1_359' title='bbox 301 2772 455 2791; x_wconf 86' lang='lat' dir='ltr'>annorum</span> <span class='ocrx_word' id='word_1_360' title='bbox 479 2761 623 2799; x_wconf 80' lang='lat' dir='ltr'>injurias)</span> <span class='ocrx_word' id='word_1_361' title='bbox 645 2760 725 2790; x_wconf 87' lang='lat' dir='ltr'>until</span> <span class='ocrx_word' id='word_1_362' title='bbox 752 2761 777 2790; x_wconf 88' lang='lat' dir='ltr'>it</span> <span class='ocrx_word' id='word_1_363' title='bbox 797 2771 860 2791; x_wconf 82' lang='lat' dir='ltr'>was</span> 
     </span>
     <span class='ocr_line' id='line_1_44' title="bbox 87 2802 859 2842; baseline -0.001 -8"><span class='ocrx_word' id='word_1_364' title='bbox 87 2804 241 2839; x_wconf 88' lang='lat' dir='ltr'>subdued,</span> <span class='ocrx_word' id='word_1_365' title='bbox 269 2804 330 2833; x_wconf 82' lang='lat' dir='ltr'>and</span> <span class='ocrx_word' id='word_1_366' title='bbox 359 2803 464 2842; x_wconf 79' lang='lat' dir='ltr'>finally</span> <span class='ocrx_word' id='word_1_367' title='bbox 492 2803 631 2832; x_wconf 85' lang='lat' dir='ltr'>received</span> <span class='ocrx_word' id='word_1_368' title='bbox 656 2802 711 2832; x_wconf 81' lang='lat' dir='ltr'>the</span> <span class='ocrx_word' id='word_1_369' title='bbox 737 2803 859 2833; x_wconf 84' lang='lat' dir='ltr'>Roman</span> 
     </span>
     <span class='ocr_line' id='line_1_45' title="bbox 87 2844 860 2886; baseline -0.003 -9"><span class='ocrx_word' id='word_1_370' title='bbox 87 2847 206 2877; x_wconf 81' lang='lat' dir='ltr'>Civitas</span> <span class='ocrx_word' id='word_1_371' title='bbox 238 2845 483 2886; x_wconf 83' lang='lat' dir='ltr'>(communicata</span> <span class='ocrx_word' id='word_1_372' title='bbox 512 2855 544 2874; x_wconf 88' lang='lat' dir='ltr'>re</span> <span class='ocrx_word' id='word_1_373' title='bbox 574 2844 726 2885; x_wconf 88' lang='lat' dir='ltr'>publica).</span> <span class='ocrx_word' id='word_1_374' title='bbox 781 2845 812 2875; x_wconf 84' lang='lat' dir='ltr'>lt</span> <span class='ocrx_word' id='word_1_375' title='bbox 834 2845 860 2875; x_wconf 87' lang='lat' dir='ltr'>is</span> 
     </span>
     <span class='ocr_line' id='line_1_46' title="bbox 87 2887 859 2929; baseline -0.003 -10"><span class='ocrx_word' id='word_1_376' title='bbox 87 2889 249 2929; x_wconf 89' lang='lat' dir='ltr'>probable,</span> <span class='ocrx_word' id='word_1_377' title='bbox 277 2888 324 2918; x_wconf 82' lang='lat' dir='ltr'>for</span> <span class='ocrx_word' id='word_1_378' title='bbox 346 2888 436 2918; x_wconf 84' lang='lat' dir='ltr'>there</span> <span class='ocrx_word' id='word_1_379' title='bbox 461 2888 488 2918; x_wconf 86' lang='lat' dir='ltr'>is</span> <span class='ocrx_word' id='word_1_380' title='bbox 512 2897 554 2917; x_wconf 90' lang='lat' dir='ltr'>no</span> <span class='ocrx_word' id='word_1_381' title='bbox 578 2887 677 2917; x_wconf 83' lang='lat' dir='ltr'>direct</span> <span class='ocrx_word' id='word_1_382' title='bbox 702 2887 859 2924; x_wconf 83' lang='lat' dir='ltr'>evidence,</span> 
     </span>
    </p>
   </div>
   <div class='ocr_carea' id='block_1_4' title="bbox 902 2294 1681 2877">
    <p class='ocr_par' dir='ltr' id='par_1_7' title="bbox 902 2294 1678 2716">
     <span class='ocr_line' id='line_1_47' title="bbox 905 2294 1678 2332; baseline -0.004 -8"><span class='ocrx_word' id='word_1_383' title='bbox 905 2295 1023 2325; x_wconf 79' lang='lat' dir='ltr'>Civitas</span> <span class='ocrx_word' id='word_1_384' title='bbox 1039 2295 1070 2323; x_wconf 90' lang='lat' dir='ltr'>in</span> <span class='ocrx_word' id='word_1_385' title='bbox 1095 2294 1149 2323; x_wconf 86' lang='lat' dir='ltr'>the</span> <span class='ocrx_word' id='word_1_386' title='bbox 1170 2304 1243 2332; x_wconf 83' lang='lat' dir='ltr'>year</span> <span class='ocrx_word' id='word_1_387' title='bbox 1261 2302 1323 2323; x_wconf 85' lang='lat' dir='ltr'>n.c.</span> <span class='ocrx_word' id='word_1_388' title='bbox 1342 2296 1393 2329; x_wconf 72' lang='lat'>89,</span> <span class='ocrx_word' id='word_1_389' title='bbox 1415 2294 1470 2322; x_wconf 84' lang='lat' dir='ltr'>the</span> <span class='ocrx_word' id='word_1_390' title='bbox 1497 2303 1582 2323; x_wconf 86' lang='lat' dir='ltr'>same</span> <span class='ocrx_word' id='word_1_391' title='bbox 1605 2303 1678 2332; x_wconf 86' lang='lat' dir='ltr'>year</span> 
     </span>
     <span class='ocr_line' id='line_1_48' title="bbox 904 2335 1678 2375; baseline -0.003 -9"><span class='ocrx_word' id='word_1_392' title='bbox 904 2338 935 2367; x_wconf 90' lang='lat' dir='ltr'>in</span> <span class='ocrx_word' id='word_1_393' title='bbox 952 2337 1054 2365; x_wconf 88' lang='lat' dir='ltr'>which</span> <span class='ocrx_word' id='word_1_394' title='bbox 1079 2336 1182 2365; x_wconf 82' lang='lat' dir='ltr'>Gallia</span> <span class='ocrx_word' id='word_1_395' title='bbox 1208 2336 1434 2375; x_wconf 74' lang='lat' dir='ltr'>Transpadana</span> <span class='ocrx_word' id='word_1_396' title='bbox 1459 2335 1598 2365; x_wconf 79' lang='lat' dir='ltr'>received</span> <span class='ocrx_word' id='word_1_397' title='bbox 1622 2335 1678 2364; x_wconf 86' lang='lat' dir='ltr'>the</span> 
     </span>
     <span class='ocr_line' id='line_1_49' title="bbox 906 2378 1677 2416; baseline -0.001 -8"><span class='ocrx_word' id='word_1_398' title='bbox 906 2379 1070 2414; x_wconf 77' lang='lat' dir='ltr'>Latinitas,</span> <span class='ocrx_word' id='word_1_399' title='bbox 1087 2389 1122 2408; x_wconf 89' lang='lat' dir='ltr'>or</span> <span class='ocrx_word' id='word_1_400' title='bbox 1145 2379 1205 2408; x_wconf 82' lang='lat' dir='ltr'>Jus</span> <span class='ocrx_word' id='word_1_401' title='bbox 1228 2379 1320 2408; x_wconf 70' lang='lat' dir='ltr'>Latii.</span> <span class='ocrx_word' id='word_1_402' title='bbox 1365 2378 1434 2408; x_wconf 79' lang='lat' dir='ltr'>The</span> <span class='ocrx_word' id='word_1_403' title='bbox 1459 2378 1677 2416; x_wconf 77' lang='lat' dir='ltr'>Transpadani</span> 
     </span>
     <span class='ocr_line' id='line_1_50' title="bbox 902 2420 1676 2451; baseline -0.001 -1"><span class='ocrx_word' id='word_1_404' title='bbox 902 2432 954 2451; x_wconf 86' lang='lat' dir='ltr'>are</span> <span class='ocrx_word' id='word_1_405' title='bbox 975 2422 1040 2450; x_wconf 85' lang='lat' dir='ltr'>said</span> <span class='ocrx_word' id='word_1_406' title='bbox 1066 2425 1099 2450; x_wconf 79' lang='lat' dir='ltr'>to</span> <span class='ocrx_word' id='word_1_407' title='bbox 1126 2421 1204 2450; x_wconf 81' lang='lat' dir='ltr'>have</span> <span class='ocrx_word' id='word_1_408' title='bbox 1229 2420 1368 2450; x_wconf 79' lang='lat' dir='ltr'>received</span> <span class='ocrx_word' id='word_1_409' title='bbox 1390 2421 1444 2450; x_wconf 84' lang='lat' dir='ltr'>the</span> <span class='ocrx_word' id='word_1_410' title='bbox 1465 2421 1582 2450; x_wconf 82' lang='lat' dir='ltr'>Civitas</span> <span class='ocrx_word' id='word_1_411' title='bbox 1614 2421 1676 2449; x_wconf 74' lang='lat' dir='ltr'>no-</span> 
     </span>
     <span class='ocr_line' id='line_1_51' title="bbox 904 2463 1676 2502; baseline -0.003 -9"><span class='ocrx_word' id='word_1_412' title='bbox 904 2474 996 2493; x_wconf 87' lang='lat' dir='ltr'>mana</span> <span class='ocrx_word' id='word_1_413' title='bbox 1017 2464 1048 2493; x_wconf 90' lang='lat' dir='ltr'>in</span> <span class='ocrx_word' id='word_1_414' title='bbox 1076 2473 1138 2493; x_wconf 86' lang='lat' dir='ltr'>n.c.</span> <span class='ocrx_word' id='word_1_415' title='bbox 1165 2466 1207 2494; x_wconf 79' lang='grc'>49</span> <span class='ocrx_word' id='word_1_416' title='bbox 1232 2464 1330 2502; x_wconf 91' lang='lat' dir='ltr'>(Dion</span> <span class='ocrx_word' id='word_1_417' title='bbox 1349 2463 1476 2493; x_wconf 79' lang='lat' dir='ltr'>Cassius</span> <span class='ocrx_word' id='word_1_418' title='bbox 1493 2465 1545 2499; x_wconf 75' lang='lat'>41,</span> <span class='ocrx_word' id='word_1_419' title='bbox 1563 2473 1589 2492; x_wconf 81' lang='lat' dir='ltr'>c.</span> <span class='ocrx_word' id='word_1_420' title='bbox 1607 2465 1676 2493; x_wconf 62' lang='lat'><strong>313).</strong></span> 
     </span>
     <span class='ocr_line' id='line_1_52' title="bbox 906 2506 1677 2545; baseline -0.001 -10"><span class='ocrx_word' id='word_1_421' title='bbox 906 2507 936 2535; x_wconf 83' lang='lat' dir='ltr'>lt</span> <span class='ocrx_word' id='word_1_422' title='bbox 949 2516 1010 2536; x_wconf 84' lang='lat' dir='ltr'>was</span> <span class='ocrx_word' id='word_1_423' title='bbox 1026 2506 1117 2543; x_wconf 75' lang='lat' dir='ltr'>given</span> <span class='ocrx_word' id='word_1_424' title='bbox 1135 2506 1175 2545; x_wconf 91' lang='lat' dir='ltr'>by</span> <span class='ocrx_word' id='word_1_425' title='bbox 1187 2506 1302 2536; x_wconf 85' lang='lat' dir='ltr'>Cacsar</span> <span class='ocrx_word' id='word_1_426' title='bbox 1313 2506 1427 2544; x_wconf 78' lang='lat' dir='ltr'>during</span> <span class='ocrx_word' id='word_1_427' title='bbox 1443 2506 1491 2535; x_wconf 84' lang='lat' dir='ltr'>his</span> <span class='ocrx_word' id='word_1_428' title='bbox 1509 2507 1576 2535; x_wconf 80' lang='lat' dir='ltr'>first</span> <span class='ocrx_word' id='word_1_429' title='bbox 1589 2506 1677 2535; x_wconf 87' lang='lat' dir='ltr'>short</span> 
     </span>
     <span class='ocr_line' id='line_1_53' title="bbox 903 2547 1676 2588; baseline -0.003 -10"><span class='ocrx_word' id='word_1_430' title='bbox 903 2549 1115 2588; x_wconf 80' lang='lat' dir='ltr'>dictatorship.</span> <span class='ocrx_word' id='word_1_431' title='bbox 1147 2549 1247 2578; x_wconf 84' lang='lat' dir='ltr'>Gallia</span> <span class='ocrx_word' id='word_1_432' title='bbox 1257 2548 1481 2587; x_wconf 83' lang='lat' dir='ltr'>Transpadana</span> <span class='ocrx_word' id='word_1_433' title='bbox 1492 2549 1551 2577; x_wconf 85' lang='lat' dir='ltr'>had</span> <span class='ocrx_word' id='word_1_434' title='bbox 1563 2547 1676 2586; x_wconf 75' lang='lat' dir='ltr'>helped</span> 
     </span>
     <span class='ocr_line' id='line_1_54' title="bbox 903 2591 1677 2628; baseline -0.003 -8"><span class='ocrx_word' id='word_1_435' title='bbox 903 2591 967 2620; x_wconf 90' lang='lat' dir='ltr'>him</span> <span class='ocrx_word' id='word_1_436' title='bbox 995 2592 1025 2620; x_wconf 91' lang='lat' dir='ltr'>in</span> <span class='ocrx_word' id='word_1_437' title='bbox 1052 2591 1100 2620; x_wconf 90' lang='lat' dir='ltr'>his</span> <span class='ocrx_word' id='word_1_438' title='bbox 1125 2591 1225 2620; x_wconf 85' lang='lat' dir='ltr'>Gallie</span> <span class='ocrx_word' id='word_1_439' title='bbox 1241 2600 1328 2626; x_wconf 84' lang='lat' dir='ltr'>wars,</span> <span class='ocrx_word' id='word_1_440' title='bbox 1345 2591 1405 2619; x_wconf 90' lang='lat' dir='ltr'>and</span> <span class='ocrx_word' id='word_1_441' title='bbox 1432 2591 1457 2620; x_wconf 84' lang='lat' dir='ltr'>it</span> <span class='ocrx_word' id='word_1_442' title='bbox 1479 2591 1569 2620; x_wconf 78' lang='lat' dir='ltr'>made</span> <span class='ocrx_word' id='word_1_443' title='bbox 1590 2593 1677 2628; x_wconf 78' lang='lat' dir='ltr'>great</span> 
     </span>
     <span class='ocr_line' id='line_1_55' title="bbox 903 2633 1676 2672; baseline -0.004 -9"><span class='ocrx_word' id='word_1_444' title='bbox 903 2634 1068 2672; x_wconf 76' lang='lat' dir='ltr'>rejoicings</span> <span class='ocrx_word' id='word_1_445' title='bbox 1085 2634 1116 2663; x_wconf 89' lang='lat' dir='ltr'>in</span> <span class='ocrx_word' id='word_1_446' title='bbox 1137 2643 1199 2663; x_wconf 55' lang='lat' dir='ltr'>ac.</span> <span class='ocrx_word' id='word_1_447' title='bbox 1218 2635 1252 2662; x_wconf 81' lang='lat'>5¹</span> <span class='ocrx_word' id='word_1_448' title='bbox 1276 2634 1322 2662; x_wconf 83' lang='lat' dir='ltr'>for</span> <span class='ocrx_word' id='word_1_449' title='bbox 1338 2633 1480 2663; x_wconf 85' lang='lat' dir='ltr'>Caesar&#39;s</span> <span class='ocrx_word' id='word_1_450' title='bbox 1497 2633 1598 2662; x_wconf 77' lang='lat' dir='ltr'>Gallie,</span> <span class='ocrx_word' id='word_1_451' title='bbox 1614 2633 1676 2660; x_wconf 79' lang='lat' dir='ltr'>vic-</span> 
     </span>
     <span class='ocr_line' id='line_1_56' title="bbox 904 2675 1334 2716; baseline -0.002 -10"><span class='ocrx_word' id='word_1_452' title='bbox 904 2677 998 2706; x_wconf 84' lang='lat' dir='ltr'>torics</span> <span class='ocrx_word' id='word_1_453' title='bbox 1015 2677 1069 2716; x_wconf 85' lang='lat' dir='ltr'>(B.</span> <span class='ocrx_word' id='word_1_454' title='bbox 1089 2676 1127 2706; x_wconf 92' lang='lat' dir='ltr'>G.</span> <span class='ocrx_word' id='word_1_455' title='bbox 1145 2676 1207 2705; x_wconf 91' lang='lat' dir='ltr'>viii.</span> <span class='ocrx_word' id='word_1_456' title='bbox 1223 2686 1248 2705; x_wconf 91' lang='lat' dir='ltr'>c.</span> <span class='ocrx_word' id='word_1_457' title='bbox 1267 2675 1334 2715; x_wconf 79' lang='lat'>51).</span> 
     </span>
    </p>

    <p class='ocr_par' dir='ltr' id='par_1_8' title="bbox 904 2715 1681 2877">
     <span class='ocr_line' id='line_1_57' title="bbox 947 2715 1676 2751; baseline -0.008 -3"><span class='ocrx_word' id='word_1_458' title='bbox 947 2719 992 2748; x_wconf 80' lang='lat' dir='ltr'>As</span> <span class='ocrx_word' id='word_1_459' title='bbox 1008 2722 1041 2748; x_wconf 78' lang='lat' dir='ltr'>to</span> <span class='ocrx_word' id='word_1_460' title='bbox 1059 2717 1332 2751; x_wconf 76' lang='lat' dir='ltr'>‘communicata,&#39;</span> <span class='ocrx_word' id='word_1_461' title='bbox 1344 2727 1395 2746; x_wconf 83' lang='lat' dir='ltr'>see</span> <span class='ocrx_word' id='word_1_462' title='bbox 1413 2717 1472 2746; x_wconf 78' lang='lat' dir='ltr'>Pro</span> <span class='ocrx_word' id='word_1_463' title='bbox 1485 2717 1517 2746; x_wconf 87' lang='lat' dir='ltr'>l‘.</span> <span class='ocrx_word' id='word_1_464' title='bbox 1533 2715 1676 2749; x_wconf 67' lang='lat' dir='ltr'>Quintio,</span> 
     </span>
     <span class='ocr_line' id='line_1_58' title="bbox 904 2757 1675 2796; baseline -0.008 -5"><span class='ocrx_word' id='word_1_465' title='bbox 904 2771 930 2791; x_wconf 89' lang='lat' dir='ltr'>c.</span> <span class='ocrx_word' id='word_1_466' title='bbox 947 2763 978 2795; x_wconf 85' lang='lat'>4.</span> <span class='ocrx_word' id='word_1_467' title='bbox 995 2761 1056 2790; x_wconf 86' lang='lat' dir='ltr'>and</span> <span class='ocrx_word' id='word_1_468' title='bbox 1085 2761 1139 2790; x_wconf 75' lang='lat' dir='ltr'>the</span> <span class='ocrx_word' id='word_1_469' title='bbox 1163 2764 1248 2794; x_wconf 76' lang='lat' dir='ltr'>note,</span> <span class='ocrx_word' id='word_1_470' title='bbox 1266 2760 1336 2789; x_wconf 84' lang='lat' dir='ltr'>Vol.</span> <span class='ocrx_word' id='word_1_471' title='bbox 1355 2760 1387 2788; x_wconf 87' lang='lat' dir='ltr'>ii.</span> <span class='ocrx_word' id='word_1_472' title='bbox 1434 2759 1503 2788; x_wconf 87' lang='lat' dir='ltr'>The.</span> <span class='ocrx_word' id='word_1_473' title='bbox 1524 2757 1675 2796; x_wconf 68' lang='lat' dir='ltr'>Cisalpini</span> 
     </span>
     <span class='ocr_line' id='line_1_59' title="bbox 905 2799 1681 2838; baseline -0.006 -5"><span class='ocrx_word' id='word_1_474' title='bbox 905 2803 985 2833; x_wconf 84' lang='lat' dir='ltr'>Galli</span> <span class='ocrx_word' id='word_1_475' title='bbox 1003 2814 1082 2833; x_wconf 86' lang='lat' dir='ltr'>were</span> <span class='ocrx_word' id='word_1_476' title='bbox 1098 2803 1251 2833; x_wconf 80' lang='lat' dir='ltr'>admitted</span> <span class='ocrx_word' id='word_1_477' title='bbox 1276 2803 1343 2831; x_wconf 87' lang='lat' dir='ltr'>into</span> <span class='ocrx_word' id='word_1_478' title='bbox 1365 2802 1420 2831; x_wconf 86' lang='lat' dir='ltr'>the</span> <span class='ocrx_word' id='word_1_479' title='bbox 1435 2800 1628 2838; x_wconf 79' lang='lat' dir='ltr'>community</span> <span class='ocrx_word' id='word_1_480' title='bbox 1645 2799 1681 2828; x_wconf 76' lang='lat' dir='ltr'>of</span> 
     </span>
     <span class='ocr_line' id='line_1_60' title="bbox 904 2845 1399 2877; baseline -0.006 -1"><span class='ocrx_word' id='word_1_481' title='bbox 904 2846 957 2877; x_wconf 86' lang='lat' dir='ltr'>the</span> <span class='ocrx_word' id='word_1_482' title='bbox 975 2846 1098 2876; x_wconf 85' lang='lat' dir='ltr'>Roman</span> <span class='ocrx_word' id='word_1_483' title='bbox 1115 2849 1196 2876; x_wconf 81' lang='lat' dir='ltr'>stato</span> <span class='ocrx_word' id='word_1_484' title='bbox 1211 2855 1245 2875; x_wconf 85' lang='lat' dir='ltr'>as</span> <span class='ocrx_word' id='word_1_485' title='bbox 1261 2845 1399 2874; x_wconf 80' lang='lat' dir='ltr'>citizens.</span> 
     </span>
    </p>
   </div>
  </div>
 </body>
</html>
