1816 3211
769 154 902 196 GAP.
935 156 1060 195 2—4.
1635 159 1716 199 699

119 283 265 311 mano:
300 269 503 320 omnibus,
538 283 789 324 quamquam
823 268 909 309 ruit
939 268 1027 323 ipse
1060 267 1146 308 suis
1173 267 1373 316 cladibus,
1396 273 1570 323 pestem,
1593 270 1718 311 vasti-

119 340 263 384 tatem,
289 335 533 383 cruciatum,
551 339 764 375 tormenta
785 333 1029 376 denuntiat:
1066 333 1309 374 Dolabellae
1331 333 1464 374 ferum
1481 339 1525 374 et
1541 334 1719 375 immane

118 400 291 449 facinus,
317 400 426 454 quod
448 400 559 440 nulla
579 399 770 440 barbaria
791 405 936 454 posset
956 413 1196 453 agnoscere,
1216 398 1257 439 id
1272 413 1349 439 suo
1371 398 1542 439 consilio
1564 400 1720 440 factum

120 479 211 505 esse
232 470 439 506 testatur:
472 479 660 520 quaeque
682 470 793 506 esset
813 464 1002 505 facturus
1023 465 1063 505 in
1085 464 1164 505 hac
1186 465 1302 512 urbe,
1325 463 1404 504 nisi
1426 478 1520 504 eum
1541 464 1609 505 hic
1630 465 1720 519 ipse

120 529 293 586 Jupiter
325 532 378 570 ab
411 531 490 571 hoc
514 531 670 585 templo
701 536 828 585 atque
861 531 925 571 his
954 530 1174 571 moenibus
1204 530 1466 585 reppulisset‚
1495 530 1720 571 declaravit

120 595 162 635 in
199 595 495 635 Parmensium
531 595 782 644 calamitate,
826 610 931 650 quos
965 596 1144 650 optimos
1179 596 1289 636 viros
1321 594 1720 650 honestissimosque

119 660 319 709 homines,
346 659 526 699 maxime
553 674 648 699 cum
675 660 928 701 auctoritate
959 661 1082 715 hujus
1114 660 1268 701 ordinis
1299 659 1519 715 populique
1542 659 1720 700 Romani

121 725 326 779 dignitate
359 724 617 778 conjunctos,
654 725 952 765 crudelissimis
993 726 1193 780 exemplis
1225 725 1439 766 interemit
1470 725 1721 780 propudium

120 789 222 830 illud
245 795 288 830 et
309 794 549 843 portentum
580 789 626 828 L.
650 789 876 839 Antonius,
907 789 1070 844 insigne
1102 790 1241 830 odium
1275 790 1457 830 omnium
1490 790 1717 840 hominum,

120 855 196 903 vel,
219 855 253 895 si
275 854 402 895 etiam
432 854 488 894 dii
517 854 695 895 oderunt
729 869 832 909 quos
866 860 1047 909 oportet,
1085 856 1268 895 omnium
1299 856 1485 895 deorum.
1546 856 1721 910 Refugit

120 920 295 969 animus,
328 927 470 974 patres
498 919 738 974 conscripti,
771 934 901 974 eaque
933 919 1071 960 dicere
1102 920 1360 969 reformidat,
1384 935 1487 975 quae
1513 920 1560 960 L.
1584 921 1721 961 Anto-

121 985 214 1026 nius
235 985 276 1025 in
300 984 590 1025 Parmensium
611 984 751 1025 liberis
772 990 815 1025 et
837 984 1086 1040 conjugibus
1107 984 1305 1026 effecerit.
1369 986 1483 1037 Quas
1505 985 1612 1026 enim
1633 992 1720 1026 tur-

121 1050 334 1106 pitudines
358 1050 534 1090 Antonii
555 1050 733 1091 libenter
753 1064 845 1090 cum
869 1050 1072 1091 dedecore
1101 1050 1332 1101 subierunt,
1357 1050 1523 1091 easdem
1545 1065 1620 1105 per
1641 1051 1723 1091 vim

122 1115 334 1156 laetantur
361 1115 452 1155 aliis
474 1130 518 1155 se
540 1115 743 1156 intulisse,
807 1114 889 1155 Sed
911 1114 972 1155 vis
994 1115 1238 1156 calamitosa
1259 1121 1324 1156 est
1347 1130 1470 1170 quam
1501 1115 1581 1156 illis
1614 1116 1723 1156 intu-

121 1180 284 1221 lerunt:
318 1179 445 1220 libido
466 1179 687 1235 flagitiosa,
711 1195 794 1235 qua
815 1180 1096 1221 Antoniorum
1126 1180 1257 1221 oblita
1286 1186 1351 1221 est
1370 1180 1470 1221 vita.
1534 1180 1616 1222 IV.
1641 1180 1724 1223 Est

122 1245 253 1300 igitur
285 1246 501 1300 quisquam
532 1245 602 1300 qui
633 1245 778 1286 hostes
810 1246 1020 1300 appellare
1055 1260 1140 1286 non
1172 1246 1337 1295 audeat,
1363 1260 1537 1300 quorum
1568 1246 1722 1288 scelere

124 1310 416 1350 crudelitatem
440 1310 860 1364 Karthaginiensium
883 1310 1033 1352 victam
1055 1325 1146 1351 esse
1167 1311 1375 1352 fateatur?
1437 1311 1530 1363 Qua
1550 1311 1659 1351 enim
1681 1312 1723 1352 in

122 1376 227 1416 urbe
255 1380 341 1416 tam
367 1375 558 1415 immanis
583 1375 794 1416 Hannibal
824 1382 949 1430 capta
970 1390 1094 1430 quam
1117 1376 1159 1416 in
1182 1375 1337 1416 Parma
1367 1383 1562 1431 surrepta
1585 1377 1722 1418 Anto-

123 1441 243 1482 nius?
273 1440 353 1480 nisi
384 1440 490 1481 forte
523 1441 647 1495 hujus
683 1441 868 1482 coloniae
899 1447 943 1482 et
976 1446 1224 1491 ceterarum,
1262 1441 1303 1481 in
1340 1456 1445 1496 quas
1478 1442 1622 1483 eodem
1658 1447 1724 1483 est

123 1505 275 1554 animo,
298 1520 379 1546 non
401 1513 468 1547 est
489 1505 622 1547 hostis
651 1507 877 1561 putandus.
941 1506 986 1547 Si
1006 1521 1103 1547 vero
1133 1506 1387 1547 coloniarum
1409 1512 1453 1547 et
1481 1507 1722 1562 municipio-

123 1585 216 1612 rum
247 1570 336 1611 sine
369 1570 450 1610 ulla
484 1571 746 1613 dubitatione
780 1572 914 1630 hostis
940 1576 1018 1621 est,
1053 1572 1150 1626 quid
1188 1572 1358 1612 tandem
1386 1572 1511 1626 hujus
1542 1573 1724 1614 censetis

124 1636 252 1686 urbis,
277 1651 400 1691 quam
432 1637 498 1677 ille
528 1638 581 1678 ad
607 1619 1080 1696 expleffl‘iii‘sffe'gestates
1115 1637 1323 1678 latrocinii
1359 1638 1422 1678 sui
1459 1639 1723 1694 concupivit?

124 1716 249 1756 quam
275 1702 364 1756 jam
395 1701 556 1756 peritus
591 1693 775 1745 ni'e'tzii‘or
807 1709 849 1743 et
885 1702 1057 1757 callidus
1089 1703 1341 1757 decempeda
1370 1718 1446 1744 sua
1477 1704 1589 1744 Saxa
1624 1705 1722 1745 divi-

124 1767 264 1808 serat?
324 1766 632 1817 Recordamini,
656 1783 728 1822 per
749 1768 850 1809 deos
877 1767 1134 1809 immortales
1154 1769 1162 1807 !
1197 1772 1342 1822 patres
1364 1759 1600 1823 conscripti,
1625 1770 1724 1824 qnid

123 1831 203 1874 hoc
225 1832 351 1873 biduo
379 1832 641 1874 timuerimus
662 1849 686 1875 a
708 1833 950 1875 domesticis
980 1833 1172 1874 hostibus
1202 1835 1438 1875 rumoribus
1471 1835 1722 1889 improbissi-

171 1995 240 2023 ruit
256 1994 322 2033 ipse
336 1995 403 2024 suis
420 1994 580 2034 cladibus]
628 1994 674 2024 As
691 1994 818 2025 Horace
834 2004 905 2034 says

949 1995 1027 2025 tives
1044 1998 1051 2012 ‘
1063 1996 1254 2025 coloniarum
1272 1999 1304 2025 et
1320 1996 1586 2035 municipiorum.'

129 2035 247 2076 (Epod.
268 2036 320 2076 16)
335 2049 341 2066 :

993 2038 1182 2077 decempeda
1201 2062 1207 2068 .
1227 2061 1234 2068 .
1254 2061 1260 2067 .
1281 2038 1388 2077 Saxa]
1440 2041 1498 2069 See
1524 2040 1604 2069 Phil.
1629 2040 1671 2070 xi.
1696 2051 1723 2070 c.

218 2098 236 2112 “
250 2095 320 2126 Suis
337 2099 369 2126 et
384 2096 451 2135 ipsa
468 2096 571 2125 Roma
587 2096 704 2126 viribus
720 2095 818 2126 ruit.’'

172 2166 380 2206 reppulisset]
408 2167 418 2196 i
443 2170 456 2195 t
477 2169 562 2195 v.-—‘
577 2165 793 2195 Parmensium
825 2165 906 2195 cala—

129 2210 242 2239 mitate
256 2209 275 2239 τ’
296 2210 349 2239 the
366 2209 553 2249 plundering
564 2209 598 2237 of
614 2209 725 2238 Parma
740 2209 766 2238 is
781 2208 906 2238 alluded

129 2255 164 2282 to
176 2252 208 2281 in
225 2263 242 2282 8
258 2252 352 2282 letter
364 2253 399 2282 of
414 2252 511 2282 Pollio
529 2256 561 2281 to
575 2251 684 2281 Cicero
703 2252 766 2290 (Ad
785 2252 857 2281 Div.
875 2261 905 2281 x.

131 2296 210 2334 33);
243 2295 302 2325 but
335 2296 347 2325 1
380 2295 444 2325 find
471 2295 605 2333 nothing
633 2304 719 2324 more
744 2294 842 2324 about
871 2294 905 2324 it.

130 2337 235 2368 There
273 2339 298 2368 is
326 2348 364 2368 an
393 2338 526 2368 allusion
554 2338 585 2367 in
616 2337 694 2366 Phil.
728 2347 758 2367 x.
790 2341 824 2367 to
851 2337 906 2367 the

131 2380 221 2410 three
238 2385 338 2411 towns
355 2381 456 2411 which
473 2381 632 2411 Antonius
649 2380 720 2409 held
738 2380 778 2420 (c.
796 2382 826 2416 5,
844 2380 906 2410 and

130 2423 186 2453 the
202 2424 302 2463 note).

170 2466 387 2505 propudium]
407 2466 438 2502 b,
462 2466 522 2495 and
551 2465 710 2495 Ferrarius
731 2465 791 2495 had
815 2465 907 2495 made

131 2509 187 2538 the
217 2510 405 2546 conjecture.
462 2509 530 2538 The
560 2509 650 2538 other
680 2508 826 2546 readings
855 2518 908 2539 are

133 2554 142 2568 ⁴
156 2551 334 2590 proludium
351 2550 358 2563 '
389 2551 450 2580 and
478 2555 484 2567 ⁴
500 2551 719 2590 praeludium.y
767 2555 773 2568 ¹
790 2552 907 2591 Propu-

133 2594 219 2624 dium
233 2594 240 2606 ’
258 2595 283 2624 15
301 2593 376 2623 used
394 2595 432 2632 by
454 2595 592 2624 Plautus.

181 2638 267 2673 Quas
297 2637 516 2676 turpitudines
542 2636 693 2676 Aulonii]
743 2637 771 2667 A
801 2636 848 2667 bit
877 2637 912 2667 of

134 2680 319 2710 scandulcus
342 2680 450 2716 abuse,
476 2680 576 2710 which
604 2680 642 2709 he
670 2681 725 2710 has
750 2680 836 2710 ol'ten
860 2690 907 2710 re-

157 2723 258 2752 eated.

133 2732 154 2762 p
177 2767 207 2795 4.
242 2765 320 2804 quid
353 2765 479 2795 tandem
511 2766 605 2803 hujus
635 2767 769 2796 censetis
800 2766 905 2806 urbis]

135 2810 143 2825 ⁴
157 2808 267 2844 What,
286 2808 299 2838 1
317 2808 372 2838 ask
396 2818 468 2847 you,
486 2808 526 2838 do
549 2819 611 2848 you
628 2809 720 2839 think
735 2809 806 2839 that
828 2809 867 2839 he
883 2809 909 2840 is

133 2853 168 2882 to
191 2851 255 2881 this
282 2851 364 2890 city;
387 2861 427 2881 811
458 2861 570 2891 enemy
600 2862 637 2882 or
666 2851 794 2882 what?’
839 2852 908 2883 The

134 2894 270 2934 genitive
287 2894 402 2934 ‘hujus
429 2894 536 2925 urbis’
561 2894 656 2926 refers
682 2897 716 2926 to
741 2895 796 2926 the
821 2895 907 2935 geni-

950 2083 1035 2109 5.—⁴
1050 2081 1109 2110 hoc
1123 2081 1217 2110 biduo
1233 2081 1252 2110 :’
1275 2085 1281 2097 ‘
1291 2082 1399 2110 within
1415 2081 1467 2111 the
1481 2082 1538 2111 last
1551 2087 1612 2111 two
1625 2083 1724 2121 days.’

951 2123 983 2152 It
998 2123 1024 2152 is
1040 2123 1093 2152 the
1110 2133 1194 2153 581118
1211 2134 1351 2159 rumour,
1368 2134 1402 2152 as
1423 2124 1445 2153 it
1463 2135 1605 2163 appears,
1623 2126 1724 2156 which

951 2166 991 2195 118
1008 2166 1120 2205 speaks
1136 2166 1170 2195 of
1182 2167 1271 2204 again
1288 2167 1320 2196 in
1338 2177 1364 2195 c.
1378 2169 1398 2195 (i
1413 2179 1420 2196 :
1447 2172 1465 2183 ⁸¹
1480 2167 1539 2196 hoc
1555 2168 1660 2197 triduo
1676 2170 1725 2199 vel

951 2209 1074 2247 quatrid
1082 2208 1156 2238 uo.”
1202 2209 1271 2238 The
1287 2219 1432 2239 rumours
1451 2220 1529 2239 were
1546 2216 1591 2239 set
1608 2211 1724 2242 abroad

951 2251 992 2290 by
1009 2252 1063 2281 the
1079 2252 1217 2281 enemies
1233 2252 1340 2282 within
1358 2253 1412 2282 the
1427 2253 1522 2289 walls,
1541 2258 1547 2269 ⁴
1561 2254 1724 2284 domestici

952 2294 1081 2324 hostes!
1127 2295 1218 2324 After
1242 2300 1249 2311 ⁴
1264 2295 1427 2326 hostibus’
1452 2296 1506 2325 the
1533 2296 1628 2326 MSS.
1647 2298 1725 2328 have

952 2340 959 2353 ⁴
972 2337 1002 2367 id
1019 2342 1067 2367 est
1083 2338 1136 2377 qui
1154 2339 1236 2367 intra
1252 2339 1375 2368 moenia
1391 2339 1497 2369 hostes
1514 2340 1610 2369 sunt)
1652 2340 1725 2370 Fer-

950 2381 1050 2410 rarius
1066 2381 1212 2410 removed
1228 2381 1251 2410 it
1267 2391 1301 2411 as
1321 2392 1339 2411 a
1357 2382 1521 2420 glossema.
1569 2383 1628 2412 llis
1652 2389 1726 2413 nole

951 2423 977 2452 is
1000 2424 1032 2453 in
1056 2424 1110 2454 the
1133 2424 1183 2453 old
1211 2424 1311 2463 style:
1338 2428 1357 2441 ¹⁴
1373 2425 1424 2454 Dii
1453 2425 1649 2455 malefaciant
1674 2428 1725 2456 isti

951 2466 1167 2505 imperitorum
1184 2468 1301 2505 generi,
1319 2468 1371 2507 qui
1395 2468 1453 2498 sub
1470 2469 1617 2498 omnibus
1633 2470 1726 2500 rebus

951 2510 1139 2548 glossemata
1162 2510 1377 2544 subscribunt.
1410 2522 1490 2551 (111118
1514 2522 1607 2541 causa
1631 2513 1726 2543 libros

952 2553 1073 2582 mendis
1104 2553 1234 2589 refersit,
1269 2554 1323 2583 sed
1362 2555 1514 2593 quaedam
1546 2561 1650 2584 tamen
1683 2557 1726 2585 ita

952 2597 1117 2635 perspicua
1144 2602 1178 2626 ut
1206 2596 1312 2635 fugere
1338 2598 1494 2627 neminem
1520 2598 1638 2636 possint
1668 2599 1725 2628 nisi

951 2648 1022 2668 eum
1056 2640 1109 2679 (1111
1141 2639 1232 2678 plane
1263 2650 1372 2670 caecus
1404 2641 1578 2679 ignorantia
1605 2642 1644 2670 sit
1671 2646 1726 2671 aut

953 2686 1037 2712 certe
1052 2682 1200 2712 omnibus
1223 2683 1253 2712 in
1271 2683 1364 2713 rebus
1381 2683 1581 2712 ‹·onnivc:it.'’
1631 2684 1724 2713 llalin

952 2724 1056 2764 places
1086 2736 1104 2755 8
1134 2736 1258 2755 comma
1287 2727 1367 2755 aster
1399 2732 1404 2741 ¹
1419 2726 1638 2755 timuerimusff
1687 2727 1724 2755 ln

952 2777 1040 2798 some
1056 2768 1156 2799 books
1173 2769 1196 2798 it
1211 2769 1237 2798 15
1254 2769 1363 2808 placed
1379 2769 1458 2798 after
1475 2774 1481 2784 “
1498 2767 1662 2798 hostibus.'
1709 2769 1724 2799 1

952 2810 1039 2841 leave
1055 2812 1080 2842 it
1095 2817 1161 2848 out,
1179 2815 1234 2841 not
1251 2812 1397 2850 thinking
1420 2812 1489 2840 that
1511 2821 1572 2850 any
1588 2821 1648 2842 one
1663 2811 1725 2842 will

952 2853 992 2885 be
1006 2854 1170 2895 ingenious
1185 2855 1311 2895 enough
1327 2858 1360 2885 to
1375 2858 1427 2894 get
1444 2863 1560 2894 wrong.
