1816 3211
543 705 604 745 M.
639 705 853 747 TULLII
886 706 1214 749 CICERONIS

254 971 322 1045 T.
396 972 680 1048 ANNIO
755 974 1097 1049 MILONE
1170 976 1492 1051 ORATIO

676 1148 760 1188 AD
793 1148 1070 1191 JUDICES.

162 1456 210 1505 Q.
239 1455 522 1495 ASCONIUS
551 1456 840 1495 PEDIANUS
869 1456 936 1495 IN
964 1457 1023 1495 M.
1048 1456 1246 1495 TULLII
1277 1456 1580 1495 CICERONIS

497 1526 840 1565 ORATIONEM
869 1526 978 1565 PRO
1008 1526 1250 1565 MILONE.

77 1627 216 1668 HANG
248 1627 356 1669 dixit
387 1627 462 1670 Cn.
487 1628 689 1684 Pompeio
722 1643 793 1669 111.
817 1629 986 1670 consule
1014 1643 1050 1670 a.
1073 1628 1112 1670 d.
1136 1642 1195 1670 v1.
1219 1628 1321 1669 Idus
1343 1628 1478 1684 April.
1541 1628 1663 1681 Quod

69 1692 271 1746 judicium
302 1707 427 1747 quum
456 1698 665 1749 ageretur,
688 1694 919 1735 exercitum
939 1694 982 1733 in
1008 1693 1098 1734 foro
1121 1699 1164 1735 et
1186 1694 1375 1734 omnibus
1405 1693 1448 1734 in
1478 1694 1660 1748 templis,

75 1771 180 1811 quae
213 1757 368 1798 circum
400 1758 534 1799 forum
567 1764 678 1808 sunt,
714 1759 964 1800 collocatum
999 1772 1024 1799 a
1061 1758 1135 1799 Cn.
1165 1758 1369 1812 Pompeio
1403 1758 1544 1808 fuisse,
1580 1772 1664 1798 non

73 1825 240 1862 tantum
270 1836 322 1861 ex
352 1822 431 1863 hac
463 1823 653 1864 oratione
684 1828 727 1864 et
757 1823 984 1873 annalibus,
1009 1823 1083 1863 sed
1113 1822 1241 1863 etiam
1261 1837 1314 1863 ex
1344 1822 1450 1862 libro
1469 1828 1659 1877 apparet,

74 1885 145 1940 qui
167 1885 380 1926 Ciceronis
401 1887 567 1927 nomine
587 1887 827 1928 inscribitur
849 1887 914 1928 De
935 1887 1095 1941 optimo
1116 1901 1269 1942 genere
1291 1891 1518 1928 oratorum.

652 2010 943 2049 ARGUMEN
946 2010 1081 2048 TUM.

133 2103 182 2145 T.
205 2104 372 2145 Annius
396 2104 502 2145 Milo
528 2109 572 2146 et
600 2105 650 2145 P.
675 2104 869 2145 Plautius
893 2103 1118 2159 Hypsaeus
1143 2108 1187 2144 et
1210 2104 1259 2156 Q.
1287 2103 1486 2144 Metellus
1516 2102 1659 2157 Scipio

73 2169 335 2210 consulatum
369 2169 580 2224 petierunt
626 2184 710 2209 non
753 2170 886 2210 solum
921 2169 1143 2224 largitione
1183 2169 1320 2223 palam
1360 2168 1542 2224 profusa,
1585 2168 1660 2208 sed

74 2233 202 2274 etiam
222 2234 474 2275 factionibus
495 2238 752 2275 armatorum
773 2233 988 2274 succincti.
1053 2233 1201 2274 Miloni
1232 2238 1276 2275 et
1298 2233 1443 2275 Clodio
1474 2246 1660 2273 summae

73 2303 194 2338 erant
232 2298 485 2348 inimicitiae,
527 2299 639 2352 quod
679 2303 722 2339 et
765 2298 871 2338 Milo
921 2298 1134 2339 Ciceronis
1175 2303 1266 2339 erat
1305 2297 1578 2338 amicissimus
1617 2297 1661 2337 in

72 2362 390 2416 reducendoque
412 2377 462 2403 eo
493 2363 614 2403 enixe
636 2377 804 2417 operam
834 2363 893 2402 rei
923 2363 1112 2417 publicae
1143 2363 1326 2413 dederat,
1351 2368 1394 2403 et
1417 2362 1467 2403 P.
1491 2360 1661 2402 Clodius

72 2425 272 2466 restituto
315 2426 503 2467 Ciceroni
553 2432 643 2468 erat
692 2427 996 2474 infestissimus,
1037 2428 1212 2482 ideoque
1262 2441 1422 2468 summe
1462 2426 1661 2467 studebat

75 2490 275 2544 Hypsaeo
306 2495 350 2531 et
381 2490 564 2545 Scipioni
595 2496 741 2532 contra
774 2492 988 2533 Milonem.
1052 2491 1118 2532 Ac
1148 2506 1271 2546 saepe
1292 2492 1401 2533 inter
1421 2506 1466 2531 se
1489 2490 1594 2531 Milo
1616 2495 1660 2531 et

74 2553 241 2595 Clodius
262 2568 356 2594 cum
376 2554 462 2594 suis
483 2555 736 2596 factionibus
756 2555 914 2597 Romae
946 2557 1300 2611 depugnaverant,
1323 2560 1366 2597 et
1397 2560 1517 2596 erant
1547 2559 1658 2595 uter-

73 2633 154 2673 que
192 2618 368 2658 audacia
407 2633 540 2672 pares,
580 2620 654 2660 sed
697 2620 801 2661 Milo
849 2635 922 2674 pro
974 2620 1215 2661 melioribus
1261 2620 1453 2674 partibus
1501 2620 1655 2660 stabat.

74 2682 303 2723 Praeterea
332 2682 373 2722 in
401 2684 576 2723 eundem
606 2699 761 2724 annum
791 2685 1051 2726 consulatum
1076 2685 1193 2735 Milo,
1220 2685 1388 2726 Clodius
1418 2689 1658 2739 praeturam

72 2747 256 2801 petebat,
280 2760 402 2801 quam
425 2746 599 2787 debilem
619 2748 803 2790 futuram
824 2749 991 2790 consule
1015 2748 1173 2789 Milone
1194 2749 1465 2804 intelligebat.

116 2860 168 2889 De
197 2859 315 2898 optimo
349 2858 479 2897 yenere]
536 2861 556 2875 “
571 2859 630 2888 Sed
668 2860 693 2890 si
729 2861 840 2891 eodem
884 2861 944 2892 dici
960 2872 1016 2901 pro
1028 2862 1150 2893 Milone
1166 2861 1339 2899 decuisse,”
1355 2864 1423 2899 &c.‚
1435 2861 1484 2891 De
1496 2860 1572 2900 opt.
1584 2870 1656 2900 gen.

73 2901 168 2932 modo
184 2904 308 2941 putant,
321 2901 459 2931 exercitu
474 2901 506 2930 in
523 2901 589 2930 foro
602 2904 633 2930 et
647 2902 678 2931 in
695 2904 839 2934 omnibus
884 2908 962 2936 orat.
980 2914 1007 2935 c.
1025 2907 1055 2935 4.

73 2944 199 2984 templis
221 2954 300 2984 quae
322 2945 438 2975 circum
463 2943 565 2974 forum
590 2947 663 2975 sunt
679 2946 839 2983 collocato,
