1816 3211
320 635 852 765 ORATIONUM
938 647 1656 724 PHILIPPICARUM

677 816 882 862 LIBER
919 816 1299 863 SECUNDUS.

179 1137 212 1179 I.
247 1139 438 1191 Quonam
470 1152 563 1179 meo
599 1138 702 1187 fato,
735 1142 893 1195 patres
912 1137 1150 1193 conscripti,
1185 1138 1275 1178 fieri
1309 1137 1458 1188 dicam,
1482 1142 1530 1178 ut
1560 1153 1681 1180 nemo
1715 1139 1780 1180 his

175 1203 294 1243 annis
316 1203 465 1256 viginti
487 1203 546 1244 rei
568 1203 758 1257 publicae
786 1202 914 1243 fuerit
935 1203 1081 1252 hostis,
1106 1203 1175 1258 qui
1197 1218 1281 1243 non
1314 1203 1469 1251 bellum
1499 1203 1646 1244 eodem
1676 1209 1779 1245 tem-

175 1283 276 1322 pore
298 1268 397 1308 mihi
419 1282 582 1323 quoque
603 1268 830 1321 indixerit?
893 1268 931 1308 N
936 1283 982 1308 ec
1005 1283 1100 1309 vero
1122 1283 1293 1309 necesse
1315 1273 1380 1309 est
1398 1283 1423 1309 a
1443 1283 1510 1309 me
1531 1283 1780 1324 quemquam

173 1332 404 1373 nominari:
450 1333 667 1374 vobiscum
704 1333 783 1388 ipsi
825 1333 1116 1374 recordamini.
1180 1333 1288 1374 Mihi
1325 1348 1556 1388 poenarum
1591 1333 1647 1373 illi
1688 1334 1780 1389 plus

174 1413 299 1453 quam
329 1403 521 1453 optarem
549 1398 781 1446 dederunt;
817 1403 860 1440 te
882 1398 1022 1447 miror,
1048 1398 1223 1449 Antoni,
1254 1413 1432 1454 quorum
1459 1398 1572 1439 facta
1601 1398 1775 1449 imitere,

173 1478 317 1504 eorum
339 1463 478 1504 exitus
499 1478 583 1504 non
604 1464 935 1519 perhorrescere.
981 1464 1126 1519 Atque
1147 1464 1226 1505 hoc
1248 1464 1290 1504 in
1311 1464 1402 1504 aliis
1424 1463 1561 1504 minus
1582 1464 1777 1505 mirabar.

175 1528 309 1570 Nemo
331 1529 440 1570 enim
463 1529 625 1569 illorum
657 1529 847 1570 inimicus
879 1529 978 1569 mihi
999 1529 1079 1570 fuit
1101 1529 1360 1570 voluntarius
1380 1545 1387 1569 :
1422 1544 1565 1570 omnes
1587 1544 1612 1570 a
1633 1544 1697 1570 me
1718 1529 1777 1570 rei

172 1594 359 1649 publicae
382 1609 531 1635 caussa
560 1594 758 1635 lacessiti.
821 1594 886 1635 Tu
908 1609 959 1635 ne
981 1595 1108 1635 verbo
1130 1594 1295 1650 quidem
1317 1594 1493 1635 violatus
1514 1599 1562 1635 ut
1582 1594 1780 1635 audacior

172 1675 296 1715 quam
341 1659 435 1714 [L.]
471 1659 664 1711 Catilina,
699 1660 894 1701 furiosior
925 1675 1051 1715 quam
1094 1660 1187 1714 [Ρ.]
1229 1660 1399 1702 Clodius
1436 1660 1633 1710 viderere,
1667 1660 1777 1702 ultro

172 1740 237 1766 me
274 1725 512 1766 maledictis
547 1725 768 1774 lacessisti,
793 1731 991 1779 tuamque
1024 1741 1050 1766 a
1084 1741 1150 1766 me
1186 1726 1480 1767 alienationem
1515 1727 1777 1767 commenda-

171 1790 329 1830 tionem
349 1790 426 1830 tibi
448 1791 501 1830 ad
523 1791 673 1844 impios
694 1790 803 1830 cives
834 1791 923 1830 fore
945 1790 1161 1844 putavisti.
1227 1790 1337 1841 Quid
1359 1792 1531 1845 putem?
1562 1797 1776 1846 contemp-

170 1858 316 1895 tumne
337 1856 432 1895 me?
494 1854 590 1895 Non
608 1855 724 1894 video
747 1869 822 1894 nec
844 1855 885 1894 in
907 1855 993 1910 vita
1015 1869 1090 1895 nec
1114 1855 1153 1894 in
1176 1855 1314 1910 gratia
1334 1870 1412 1896 nec
1434 1855 1475 1895 in
1497 1857 1621 1896 rebus
1642 1856 1775 1911 gestis

171 1933 247 1960 nec
264 1919 306 1959 in
323 1919 400 1959 hac
422 1933 516 1959 mea
536 1918 828 1960 mediocritate
850 1919 1016 1973 ingenii,
1034 1919 1133 1975 quid
1156 1920 1368 1975 despicere
1389 1920 1522 1975 possit
1545 1920 1773 1962 Antonius.

172 1984 243 2024 An
264 1984 306 2023 in
327 1989 475 2024 senatu
496 1983 687 2024 facillime
711 1984 761 2024 de
782 1999 848 2024 me
868 1984 1031 2043 detrahi
1061 1999 1185 2039 posse
1216 1985 1421 2026 credidit?
1453 1985 1522 2041 qui
1557 1985 1658 2025 ordo
1691 1986 1773 2026 cla-

170 2049 345 2089 rissimis
367 2048 526 2089 civibus
547 2049 652 2089 bene
681 2054 829 2104 gestae
860 2049 919 2090 rei
948 2049 1138 2104 publicae.
1173 2050 1462 2091 testimonium
1493 2049 1648 2099 multis,
1671 2050 1773 2091 mihi

169 2114 241 2154 uni
275 2117 545 2155 conservatae
581 2113 708 2154 dedit.
770 2114 842 2154 An
883 2114 1099 2155 decertare
1136 2130 1302 2156 mecum
1337 2115 1466 2156 voluit
1501 2114 1772 2156 contentione

170 2179 368 2220 dicendi?
429 2178 526 2218 Hoc
559 2178 725 2232 quidem
757 2184 823 2220 est
853 2179 1112 2221 beneficium.
1176 2180 1287 2231 Quid
1319 2180 1428 2221 enim
1462 2179 1637 2235 plenius,
1672 2180 1771 2235 quid

169 2244 349 2293 uberius,
384 2257 507 2297 quam
538 2242 638 2282 mihi
669 2248 712 2284 et
743 2258 817 2298 pro
848 2259 914 2285 me
937 2250 980 2285 et
1001 2252 1148 2285 contra
1170 2244 1406 2286 Antonium
1437 2244 1601 2285 dicere?
1662 2243 1770 2284 Illud

169 2309 358 2363 profecto
384 2306 490 2362 [est]
510 2323 518 2347 ε
553 2322 635 2347 non
667 2308 922 2350 existimavit
944 2309 1006 2350 sui
1029 2309 1233 2350 similibus
1267 2309 1434 2364 probari
1468 2323 1591 2364 posse
1612 2323 1656 2349 se
1677 2322 1769 2350 esse

168 2373 333 2414 hostem
354 2372 524 2427 patriae,
544 2372 623 2412 uisi
645 2373 744 2413 mihi
768 2382 880 2416 esset
900 2374 1102 2415 inimicus.
1165 2373 1243 2414 Oui
1265 2374 1380 2429 prius
1401 2388 1525 2429 quam
1546 2373 1596 2413 de
1617 2373 1768 2414 ceteris

214 2501 241 2530 l.
266 2501 316 2530 Itis
346 2501 453 2540 annis]
504 2502 561 2531 See
590 2502 670 2532 Phil.
700 2503 721 2532 i.
754 2513 780 2532 c.
816 2504 874 2540 133
907 2503 940 2534 ii.

168 2552 195 2572 c.
212 2544 271 2579 463
297 2543 358 2572 and
375 2544 426 2572 xii.
445 2554 470 2573 c.
491 2545 540 2574 10.
586 2545 719 2584 Tweuty
735 2556 834 2585 year-S,
852 2546 878 2575 if
895 2556 942 2576 we

167 2585 285 2615 reckon
312 2585 392 2615 from
422 2596 441 2615 n
456 2596 485 2616 c.
504 2589 545 2617 63
568 2588 725 2624 included,
743 2593 776 2618 to
806 2598 870 2619 1³.c.
899 2591 941 2620 44

167 2628 324 2664 included,
356 2629 457 2657 which
488 2630 579 2659 mode
609 2631 645 2659 of
678 2631 849 2671 reckoning
878 2642 941 2662 was

166 2671 258 2701 usual
286 2670 340 2710 (In
368 2671 438 2701 Cat.
467 2672 487 2700 i.
509 2682 535 2701 c.
564 2675 595 2708 2,
623 2674 684 2703 and
711 2675 766 2704 the
796 2674 942 2714 note).—

169 2714 235 2743 ‘illi
249 2713 268 2743 ε’
294 2713 430 2744 Catilina
453 2714 514 2743 and
542 2715 590 2743 his
614 2726 703 2752 crew,
728 2717 789 2746 and
815 2717 850 2747 P.
867 2718 940 2748 Clo-

167 2756 487 2795 dius.—‘optarem:’
527 2757 657 2797 Madvig
692 2760 794 2788 would
832 2763 941 2800 accept

169 2798 369 2829 Heumann’s
386 2799 598 2838 suggestion,‘
613 2802 769 2840 optaram’
790 2802 917 2841 (Halm)
932 2815 939 2839 3

167 2842 269 2871 which
299 2841 402 2871 would
433 2842 513 2880 spoil
550 2842 605 2871 the
639 2845 794 2883 meaning.
843 2845 938 2875 Halm

167 2894 328 2924 compares
352 2885 411 2915 Pro
433 2885 545 2921 Sesth),
568 2895 592 2914 c.
611 2887 662 2922 38,
685 2889 704 2902 ‘⁴
719 2887 822 2926 paullo
847 2889 939 2918 citius

987 2515 1081 2544 quam
1095 2503 1246 2534 vellem.''

1034 2549 1081 2577 Τα
1098 2557 1137 2577 ne
1154 2547 1228 2586 &ej
1278 2546 1371 2576 ‘You
1392 2546 1525 2576 without
1547 2556 1624 2576 even
1649 2546 1765 2585 having

985 2590 1041 2620 the
1065 2590 1267 2629 provocation
1284 2590 1319 2619 of
1331 2589 1432 2619 words
1449 2590 1496 2619 for
1512 2589 1654 2627 showing
1669 2598 1762 2628 your-

986 2633 1047 2663 self
1071 2632 1239 2672 (viderere)
1268 2642 1355 2662 more
1375 2632 1545 2662 audacious
1571 2632 1649 2661 than
1674 2630 1761 2661 Cati·

985 2676 1060 2712 lina,
1078 2679 1147 2711 &c.‚
1165 2676 1243 2705 have
1257 2675 1403 2705 attaeked
1420 2685 1470 2705 me
1486 2675 1561 2704 with
1576 2672 1696 2704 abuse!

1028 2720 1085 2747 uni
1102 2718 1322 2757 conservatae]
1371 2718 1416 2748 As
1440 2717 1480 2747 he
1502 2717 1588 2746 often
1612 2725 1693 2754 say5‚
1711 2715 1760 2745 for

986 2760 1050 2790 fear
1074 2761 1099 2790 it
1119 2760 1233 2790 should
1253 2761 1292 2791 be
1313 2761 1471 2799 forgotten
1488 2759 1585 2798 (Phil.
1603 2758 1663 2787 xiv.
1682 2768 1705 2787 c.
1725 2760 1756 2795 8,

984 2803 1045 2833 and
1077 2803 1324 2842 elsewhere).—‘
1337 2803 1420 2833 Illud
1460 2801 1601 2840 profecto
1639 2801 1719 2841 [est]
1735 2800 1757 2831 :'

984 2846 1024 2875 V.
1041 2847 1136 2876 omits
1153 2850 1160 2862 ⁴
1177 2845 1283 2885 [est].'
1330 2846 1364 2875 If
1376 2855 1420 2875 we
1435 2844 1513 2873 omit
1528 2844 1554 2873 it
1570 2847 1576 2860 ‘
1591 2843 1683 2873 illud’
1701 2845 1755 2874 de-

984 2889 1084 2928 pends
1099 2898 1140 2919 on
1157 2891 1164 2905 ⁴
1179 2887 1298 2925 voluit‚'
1315 2897 1348 2918 as
1367 2887 1461 2918 Halm
1477 2896 1558 2926 says.
