1816 3211
726 168 860 211 GAP.
889 168 1012 212 7—9.
1589 171 1671 212 435

76 281 188 323 illam
208 281 364 323 victam
396 297 487 325 esse
517 283 744 332 nesciebat,
767 296 822 322 an
844 281 1074 323 Caecilium
1094 281 1223 323 istum
1243 296 1443 337 magnum
1464 281 1672 322 hominem

75 348 281 403 putabat?
312 362 434 403 quem
465 349 652 404 profecto
682 348 729 396 is,
754 347 823 402 qui
855 347 1013 403 optime
1043 352 1211 388 nostros
1240 347 1430 388 homines
1457 346 1585 394 novit,
1608 348 1673 388 vel

75 413 173 468 quia
204 428 287 453 non
322 419 480 462 nosset,
510 414 573 454 vel
605 414 639 454 si
675 417 830 461 nosset,
861 417 1164 454 contemneret.
1227 412 1362 453 Addit
1393 412 1521 453 etiam
1557 412 1668 463 illud,

75 478 239 533 equites
269 493 351 519 non
383 479 562 534 optimos
592 479 768 520 misisse.
832 478 982 527 Credo,
1007 478 1174 527 Caesar,
1198 478 1299 518 nihil
1329 478 1382 518 ad
1410 488 1529 518 tuum
1560 477 1672 532 equi-

73 548 238 591 tatum,
275 545 348 584 sed
369 544 484 585 misit
505 559 557 584 ex
578 544 627 585 iis
650 558 755 599 quos
786 543 934 584 habuit
954 543 1123 585 electos.
1186 543 1264 583 Ait
1295 542 1434 583 nescio
1466 557 1590 596 quem
1622 557 1673 582 ex

74 623 124 649 eo
154 623 327 650 numero
359 625 523 650 servum
550 610 800 664 judicatum.
866 609 961 650 Non
991 609 1198 655 arbitror;
1232 623 1316 648 non
1337 607 1501 654 audivi3
1536 607 1609 647 sed
1630 607 1673 647 in

75 688 137 723 eo,
160 674 289 715 etiam
310 674 345 714 si
369 675 608 723 accidisset,
633 674 796 729 culpam
818 675 929 729 regis
949 674 1104 714 nullam
1124 673 1252 714 fuisse
1273 673 1512 713 arbitrarer.

134 738 223 779 IX.
255 739 408 779 Alieno
435 746 578 780 autem
605 754 630 779 a
661 745 705 780 te
737 739 876 780 animo
906 740 986 780 fuit
1008 739 1244 794 quomodo?
1306 737 1510 792 speravit,
1533 737 1670 788 credo,

75 803 264 845 difficiles
295 804 371 846 tibi
396 803 678 846 Alexandriae
709 804 798 844 fore
828 803 968 844 exitus
999 808 1172 858 propter
1201 801 1385 858 regionis
1414 807 1609 842 naturam
1630 808 1672 843 et

74 869 270 911 fluminis.
333 870 396 912 At
416 885 465 911 eo
487 875 678 926 tempore
700 870 791 925 ipso
813 870 1032 924 pecuniam
1054 869 1183 917 dedit,
1203 868 1433 909 exercitum
1455 867 1586 915 aluit,
1622 867 1671 917 ei,

76 950 200 990 quem
221 935 354 976 Asiae
385 936 659 991 praefeceras,
683 935 797 975 nulla
825 935 867 974 in
889 950 932 975 re
955 934 1113 975 defuit:
1148 933 1223 975 tibi
1245 932 1395 974 victori
1425 947 1508 973 non
1540 932 1674 974 solum

75 1001 129 1041 ad
159 1001 400 1056 hospitium,
425 1001 498 1042 sed
526 1001 580 1041 ad
610 1000 837 1056 periculum
864 999 990 1041 etiam
1012 1005 1139 1054 atque
1162 1000 1214 1040 ad
1236 998 1369 1040 aciem
1390 1003 1558 1053 praesto
1579 997 1672 1038 fuit.

78 1066 279 1107 Secutum
311 1071 378 1107 est
408 1066 559 1107 bellum
584 1066 842 1106 Africanum.
906 1065 1066 1106 Graves
1089 1065 1139 1105 de
1162 1070 1204 1105 te
1226 1078 1413 1104 rumores
1433 1063 1579 1118 sparsi,
1605 1063 1674 1118 qui

76 1131 205 1173 etiam
235 1131 437 1172 furiosum
469 1131 582 1171 illum
606 1130 832 1172 Caecilium
863 1130 1167 1171 excitaverunt.
1231 1130 1322 1181 Quo
1350 1134 1441 1170 tum
1466 1127 1585 1183 [erga
1606 1127 1670 1182 te]

75 1211 150 1237 rex
181 1197 319 1237 animo
352 1197 461 1237 fuit?
504 1197 574 1252 qui
607 1197 872 1238 auctionatus
905 1195 973 1244 sit,
1007 1210 1180 1250 seseque
1212 1195 1446 1251 exspoliare
1481 1193 1675 1234 maluerit

77 1276 202 1317 qnam
237 1262 315 1303 tibi
348 1261 566 1317 pecuniam
603 1276 687 1302 non
721 1261 1052 1302 subministrare.
1115 1261 1177 1301 At
1212 1274 1274 1310 eo,
1309 1259 1457 1314 inquit,
1484 1264 1674 1314 tempore

76 1328 166 1382 ipso
200 1327 402 1368 Nicaeam
435 1326 733 1382 Ephesumque
765 1326 964 1367 mittebat
999 1325 1069 1380 qui
1100 1339 1287 1366 rumores
1310 1325 1534 1365 Africanos
1564 1324 1674 1365 exci-

77 1397 238 1447 perent,
268 1397 312 1434 et
347 1392 537 1433 celeriter
571 1392 623 1432 ad
656 1406 701 1432 se
733 1392 953 1432 referrent.
1018 1391 1168 1445 Itaque
1204 1405 1331 1445 quum
1363 1394 1476 1431 esset
1501 1389 1538 1430 ei
1571 1403 1673 1429 nun-

77 1458 231 1498 tiatum
254 1457 489 1498 Domitium
519 1457 738 1511 naufragio
759 1456 943 1512 periisse,
967 1461 1012 1497 te
1033 1455 1074 1495 in
1097 1455 1271 1496 castello
1293 1454 1599 1503 circumsederi,
1622 1454 1674 1495 de

79 1522 268 1563 Domitio
303 1522 410 1563 dixit
446 1536 608 1563 versum
646 1522 856 1562 Graecum
888 1521 1033 1562 eadem
1070 1520 1280 1562 sententia
1315 1535 1396 1576 qua
1437 1520 1564 1561 etiam
1597 1533 1674 1560 nos

78 1588 278 1629 habemus
302 1586 526 1628 Latinum:

309 1668 496 1709 Pereant
516 1668 651 1716 amici,
675 1668 772 1708 dum
794 1666 949 1708 inimici
970 1682 1053 1708 una
1073 1667 1356 1708 intercidant:

120 1804 183 1824 non
212 1794 348 1833 optimos
370 1794 502 1823 misisse.
527 1793 644 1833 Credo]
693 1793 852 1823 “mlsisse.

79 1838 174 1868 credo
191 1837 230 1867 G.
250 1837 284 1866 F.
312 1840 344 1866 et
366 1836 429 1866 alii.
452 1838 583 1866 misisse.
611 1839 732 1866 veteres
759 1836 853 1866 credo

79 1880 115 1911 C.
130 1880 193 1910 R.”
206 1879 345 1920 (Halm),
359 1880 429 1909 who
446 1889 515 1919 says
530 1879 600 1909 that
617 1883 624 1896 ⁶
639 1879 759 1909 misisse
775 1879 833 1908 tibi
845 1879 853 1892 ⁷

78 1933 210 1962 appears
233 1923 266 1952 in
293 1932 379 1952 some
400 1922 450 1951 old
477 1923 622 1958 editions,
645 1922 707 1952 and
731 1923 763 1952 in
794 1932 854 1952 one

80 1965 214 1995 Miinich
244 1965 316 1995 MS.
377 1965 485 1995 Cicero
516 1970 632 1995 cannot
663 1975 754 1995 mean
786 1965 855 1995 that

80 2008 250 2038 Deiotarus
273 2007 326 2037 did
349 2011 405 2037 not
427 2008 503 2037 send
519 2008 574 2038 the
597 2008 666 2038 best
684 2009 806 2048 cavalry
822 2013 855 2038 to

81 2051 217 2086 Bassus;
241 2051 303 2080 and
328 2051 405 2080 ‘tibi
419 2050 426 2064 ⁹
445 2060 546 2081 seems
566 2061 740 2091 necessary.
786 2051 855 2081 The

81 2093 253 2124 additional
269 2093 381 2132 charge
394 2094 418 2123 is
434 2093 504 2123 that
516 2094 555 2124 he
571 2094 624 2124 did
637 2098 692 2124 not
707 2095 785 2124 send
801 2095 855 2124 the

80 2136 152 2167 best
167 2140 200 2166 to
216 2136 332 2166 Caesar
349 2136 439 2166 when
465 2137 504 2166 he
527 2147 590 2166 was
616 2138 710 2176 going
734 2138 856 2176 against

83 2180 269 2209 Pharnaces.
305 2179 399 2208 Halm
416 2189 487 2218 says
503 2182 523 2196 ⁴⁴
535 2180 605 2209 that
620 2184 627 2197 ⁴
638 2183 758 2210 veteres
772 2180 780 2194 '
797 2181 823 2210 is
838 2191 857 2210 a

81 2222 159 2252 salse
183 2222 321 2260 reading,
343 2222 391 2251 for
406 2222 469 2252 this
491 2232 612 2258 reason,
637 2222 769 2253 because
786 2228 855 2254 ‘ve-

82 2264 184 2295 teres'
210 2265 336 2304 applied
351 2268 385 2294 to
409 2265 538 2295 soldiers
555 2266 580 2295 is
596 2275 637 2295 no
658 2265 773 2301 blame,
799 2266 855 2296 but

83 2307 220 2347 praise.”
268 2307 332 2336 But
357 2307 518 2338 ‘veheres'
541 2319 612 2348 may
628 2318 719 2338 mean
743 2309 856 2348 simply

83 2351 132 2380 his
156 2350 208 2380 old
235 2350 374 2385 soldiers,
406 2350 497 2380 those
522 2351 592 2381 that
616 2352 655 2381 he
685 2351 757 2382 had.
808 2352 858 2382 He

83 2394 182 2424 raised
211 2402 252 2422 no
273 2403 340 2422 new
356 2393 459 2430 horse,
487 2393 544 2424 but
569 2398 640 2424 sent
662 2395 716 2424 the
740 2394 810 2425 best
825 2394 861 2424 of

83 2437 131 2467 his
147 2437 197 2466 old
215 2436 346 2474 eavalry.

126 2489 251 2509 servum
273 2478 475 2518 judicatum]
525 2479 660 2515 Servius,
689 2480 736 2510 Ad
769 2480 857 2519 Virg.

84 2523 164 2553 Aen.
183 2523 224 2552 ix.
242 2524 324 2551 5⁴6:
350 2525 372 2538 ‘⁶
388 2522 455 2559 loge
473 2522 599 2552 militari
616 2523 695 2552 servi
712 2533 730 2552 a
746 2523 859 2553 militia

84 2565 343 2605 prohibebantur.
406 2564 499 2594 Unde
529 2568 560 2594 et
596 2565 628 2595 in
668 2565 859 2595 Deiotarana

84 2611 198 2649 purgat
224 2609 282 2637 lmc
309 2608 429 2642 Cicero,
461 2617 531 2636 cum
559 2608 668 2637 fuisset
698 2608 858 2647 objectum

84 2653 166 2682 inter
191 2652 323 2691 equites,
341 2660 420 2690 quos
447 2650 613 2680 Deiotarus
638 2651 764 2681 miserat
779 2652 857 2682 Cae-

85 2695 156 2730 sari,
170 2704 267 2724 Unum
285 2704 409 2723 servum
427 2693 521 2722 fuisse
533 2693 554 2705 ’'
579 2694 719 2732 (Halm).

127 2740 157 2769 9.
172 2738 246 2776 suit
263 2737 417 2776 qnonmdo
431 2737 463 2773 Ζ]
514 2736 608 2766 Halm
634 2737 747 2775 (1856)
764 2738 859 2768 omits

86 2780 387 2811 ‘fuit.’-—l’atricins
425 2779 580 2817 proposed
618 2783 651 2808 to
682 2780 768 2809 write
804 2781 860 2811 the

84 2823 219 2854 ablativo
251 2821 489 2853 ‘Alexandrum'
537 2823 582 2852 As
612 2825 645 2851 to
669 2821 722 2851 the
751 2823 859 2853 ortho-

85 2867 206 2907 graphy
235 2866 269 2896 F.
291 2866 398 2896 Ursini
421 2875 510 2904 says:
545 2865 786 2896 “Alarandrea
812 2869 861 2896 est

84 2910 117 2940 in
143 2913 293 2949 argenteo
317 2908 364 2941 M.
394 2908 505 2947 Lepidi
532 2908 670 2944 denario,
701 2911 734 2938 et
758 2909 860 2939 Alav-

896 1792 1054 1823 sandrea:
1081 1792 1135 1822 sed
1159 1792 1366 1822 Aleoeandria
1394 1791 1454 1821 vidi
1480 1795 1623 1821 notatum
1641 1792 1672 1821 in

897 1836 1025 1865 denario
1057 1835 1212 1865 Hadriani
1244 1834 1352 1874 Imp.⁷'
1397 1835 1466 1864 The
1498 1835 1675 1864 difficulties

897 1878 933 1908 of
964 1879 1079 1909 Caesar
1104 1882 1138 1908 at
1161 1878 1352 1908 Alexandria
1378 1888 1431 1907 are
1461 1878 1529 1908 told
1559 1878 1591 1907 in
1621 1878 1676 1907 the

899 1921 983 1951 book
1030 1922 1079 1951 De
1129 1922 1218 1952 Bello
1257 1921 1482 1951 Alexandrino.
1499 1938 1543 1943 —
1559 1924 1675 1961 ‘quem

897 1963 1024 1994 Asiae:’
1050 1965 1210 1995 Domitius
1241 1964 1399 1994 Calvinus.
1447 1965 1505 1995 See
1536 1964 1591 1994 the
1623 1965 1677 1994 In-

897 2008 1086 2038 troduction.

941 2051 1065 2090 sparsi]
1093 2050 1171 2081 This
1183 2050 1268 2081 word
1278 2051 1304 2080 is
1315 2050 1448 2080 omitted
1459 2050 1491 2080 in
1506 2050 1543 2080 Β.
1562 2050 1599 2080 Ε.
1613 2050 1676 2080 and

898 2093 940 2132 by
959 2094 1066 2124 Halm.
1099 2093 1202 2124 These
1218 2103 1364 2123 rumours
1381 2093 1491 2123 stirred
1508 2103 1550 2133 up
1567 2093 1675 2123 Caeci-

899 2137 959 2166 lius
992 2137 1108 2166 Bassus
1138 2137 1170 2166 in
1203 2137 1292 2176 Syria
1323 2137 1434 2177 (Dion,
1466 2138 1518 2171 47,
1550 2146 1575 2165 c.
1609 2136 1674 2174 ⁸26).

900 2180 1015 2210 Caesar
1032 2190 1093 2210 was
1116 2180 1250 2210 reduced
1273 2184 1306 2210 to
1331 2183 1419 2218 great
1446 2179 1622 2209 difficulties
1644 2179 1676 2208 in

899 2223 963 2252 this
988 2222 1115 2252 African
1146 2223 1321 2262 campaign,
1351 2223 1413 2252 and
1439 2223 1478 2252 he
1505 2222 1676 2252 extricated

900 2265 1029 2295 himself
1048 2266 1122 2296 with
1150 2267 1197 2296 his
1222 2266 1312 2296 usual
1336 2266 1484 2295 boldness
1505 2265 1567 2295 and
1593 2265 1676 2294 skill.

901 2307 1117 2347 (Guischardt.‚
1142 2309 1280 2348 Analysc
1296 2309 1334 2338 de
1349 2309 1380 2338 la
1396 2309 1588 2348 Campagne.
1606 2308 1676 2344 ἀει,

900 2352 933 2380 in
950 2351 998 2380 his
1011 2352 1150 2382 remarks
1161 2362 1202 2382 on
1215 2362 1241 2382 c.
1252 2353 1293 2382 68
1309 2352 1371 2381 and
1383 2354 1423 2383 69
1440 2352 1474 2381 of
1487 2352 1541 2381 the
1554 2351 1677 2381 Bellum

901 2394 1111 2433 Africanum.)
1152 2395 1203 2425 He
1219 2395 1353 2425 finished
1369 2395 1431 2424 this
1447 2395 1578 2425 difficult
1594 2404 1678 2424 cam-

901 2437 994 2476 paign
1012 2438 1042 2466 in
1060 2439 1120 2468 less
1136 2438 1213 2468 than
1231 2438 1277 2467 six
1295 2438 1434 2467 months.

943 2481 1086 2520 seseque]
1115 2481 1152 2511 In
1171 2481 1258 2521 place
1282 2481 1317 2511 of
1338 2481 1400 2510 this
1420 2481 1453 2510 F.
1473 2481 1511 2510 R.
1530 2480 1608 2509 have
1626 2482 1679 2510 ‘et

902 2532 935 2552 se
958 2526 990 2553 et
1007 2524 1104 2554 filium
1130 2523 1246 2554 suum.’
1295 2524 1433 2563 Perhaps
1458 2524 1547 2553 these
1577 2523 1678 2552 words

903 2568 910 2582 ‘
923 2569 955 2595 et
971 2566 1070 2596 filium
1088 2577 1179 2597 suum
1196 2566 1203 2580 '
1233 2567 1311 2597 have
1325 2567 1404 2596 been
1421 2566 1546 2596 derived
1563 2566 1641 2595 from
1660 2576 1679 2594 a

902 2618 1032 2648 passage
1062 2610 1163 2640 which
1201 2620 1306 2640 comes
1343 2610 1524 2640 afterwards
1555 2609 1586 2638 in
1616 2609 1679 2637 this

901 2652 1039 2691 chapter.

946 2695 1142 2735 Domitium]
1191 2695 1250 2726 Cn.
1270 2696 1429 2726 Domitius
1453 2695 1600 2725 Calvinus
1624 2693 1678 2722 lest

902 2737 977 2768 Asia
994 2742 1026 2767 to
1039 2739 1107 2777 join
1125 2740 1240 2769 Caesar
1258 2739 1290 2768 in
1307 2739 1360 2769 the
1377 2739 1503 2768 African
1522 2747 1592 2768 war.
1617 2736 1677 2764 and

902 2781 991 2810 there
1001 2782 1178 2812 wasasalsc
1193 2785 1300 2822 repert
1316 2782 1385 2812 that
1403 2782 1441 2811 he
1457 2780 1517 2810 had
1534 2777 1677 2818 peris-hed

902 2827 935 2854 at
950 2834 1012 2854 sea.

949 2867 1090 2897 Pereunt
1128 2867 1240 2907 amici]
1305 2867 1386 2897 Plut.
1439 2865 1487 2894 De
1537 2863 1677 2892 Discern.

909 2909 1003 2939 Adul.
1030 2909 1069 2940 ab
1092 2910 1205 2947 amico,
1221 2920 1247 2940 c.
1266 2912 1296 2946 ⁴,
1325 2909 1416 2947 ἡμεῖς
1432 2906 1473 2942 ὗὲ,
1494 2905 1518 2936 εἰ
1545 2903 1680 2944 μηδαμῇ

831 2948 936 2991 rfz'
