1816 3211
118 177 199 216 182
347 173 525 214 ORAT.
561 172 626 213 IN
659 144 717 213 L.
742 169 1167 213 OALPURNIUM
1202 167 1479 210 PISONEM

120 288 216 329 Non
237 288 389 329 ferrem
411 287 578 328 omnino
600 286 787 332 moleste,
821 284 854 323 si
888 284 948 323 ita
979 281 1230 328 accidisset3
1265 281 1340 322 sed
1370 281 1412 322 id
1439 286 1580 323 tamen
1602 285 1716 322 esset

117 354 358 394 humanum.
422 353 483 393 M.
526 351 765 398 Marcellus,
809 348 878 403 qui
920 353 985 388 ter
1026 347 1170 386 consul
1210 346 1302 396 suit,
1340 361 1501 387 summa
1540 347 1713 394 virtute,

118 419 289 474 pietate,
305 418 436 473 gloria
451 416 632 464 militari,
653 414 774 469 periit
788 413 828 453 in
844 412 945 452 mari
962 428 972 458 ;
999 412 1067 466 qui
1081 417 1222 452 tamen
1240 412 1293 452 ob
1310 411 1508 452 virtutem
1526 412 1568 452 in
1584 411 1717 466 gloria

120 488 164 525 et
199 483 321 523 laude
353 482 466 522 vivit.
531 480 581 520 In
611 481 782 520 fortuna
818 477 997 532 quadam
1030 482 1097 518 est
1131 476 1199 516 illa
1233 491 1356 527 mors,
1391 491 1475 517 non
1508 476 1549 516 in
1582 491 1718 531 poena

120 548 321 604 putanda.
384 547 501 597 Quae
523 550 589 585 est
610 544 739 598 igitur
759 557 906 598 poena,
931 541 1041 596 quod
1063 541 1319 596 supplicium,
1345 556 1450 596 quae
1471 556 1586 589 saxa,
1610 555 1718 596 quae

121 613 297 654 cruces?
359 611 466 651 Esse
509 610 591 650 duo
632 610 759 650 duces
799 608 841 648 in
880 606 1104 662 provinciis
1144 607 1286 661 populi
1328 607 1518 657 Romani,
1561 607 1719 646 habere

120 677 341 726 exercitus,
365 674 564 730 appellari
594 674 867 729 imperatores
886 689 894 712 :
928 672 1077 712 horum
1107 671 1286 712 alterum
1308 671 1367 711 sic
1387 671 1516 711 fuisse
1536 670 1718 710 infirma-

120 747 210 783 tum
232 740 491 782 conscientia
521 740 724 780 scelerum
756 743 800 778 et
831 737 1023 777 fraudum
1055 751 1236 785 suarum,
1266 740 1315 776 ut
1346 750 1398 776 ex
1419 751 1468 776 ea
1489 735 1717 790 provincia,

120 821 226 862 qnae
266 806 392 846 fuerit
433 820 485 845 ex
520 805 713 845 omnibus
752 817 836 843 una
874 802 1055 843 maxime
1091 801 1365 856 triumphalis,
1408 801 1541 841 nullas
1577 801 1633 841 sit
1664 800 1729 841 ad-

121 876 315 913 senatum
346 870 513 911 litteras
539 870 709 910 mittere
742 882 882 909 ausus.
946 867 1014 906 Ex
1042 881 1123 921 qua
1150 867 1362 921 provincia
1382 867 1506 907 modo
1527 865 1588 906 vir
1609 864 1720 905 omni

122 937 329 991 dignitate
368 935 671 985 ornatissimus,
720 933 768 974 L.
814 933 1066 987 Torquatus,
1115 932 1277 986 magnis
1318 932 1443 972 rebus
1482 930 1616 986 gestis
1654 945 1721 970 me

122 1002 330 1042 referente
352 1002 405 1041 ab
427 1006 576 1041 senatu
592 1000 820 1054 imperator
842 1002 908 1038 est
929 997 1190 1052 appellatus3
1223 997 1333 1036 unde
1350 997 1414 1036 his
1435 996 1581 1051 paucis
1601 995 1722 1035 annis

125 1066 201 1107 Cn.
237 1066 495 1114 Dolabellae,
540 1066 587 1106 O.
632 1063 836 1112 Curionis,
883 1063 945 1103 M.
990 1062 1152 1102 Luculli
1189 1061 1447 1116 justissimos
1487 1060 1722 1115 triumphos

122 1131 314 1179 vidimus,
337 1146 389 1171 ex
410 1145 459 1170 ea
486 1134 529 1170 te
560 1129 812 1184 imperatore
834 1127 1006 1167 nuntius
1028 1127 1081 1166 ad
1102 1132 1292 1167 senatum
1313 1126 1463 1167 allatus
1485 1131 1550 1167 est
1571 1126 1720 1166 nullus.

125 1197 196 1237 Ab
233 1196 366 1236 altero
403 1195 556 1235 allatae
591 1195 772 1242 litterae,
815 1192 1032 1240 recitatae,
1074 1192 1253 1232 relatum
1289 1191 1343 1231 ad
1382 1195 1588 1231 senatum.
1651 1190 1723 1230 Dii

124 1261 408 1302 immortales!
453 1260 550 1299 idne
583 1273 662 1313 ego
700 1263 902 1312 optarem,
937 1259 985 1298 ut
1021 1256 1212 1297 inimicus
1247 1270 1366 1296 meus
1401 1271 1451 1296 ea
1485 1270 1567 1310 qua
1601 1270 1723 1296 nemo

123 1339 321 1380 umquam
353 1323 581 1379 ignominia
611 1324 858 1372 notaretur?
888 1327 936 1362 ut
968 1326 1142 1363 senatus
1172 1321 1219 1370 is,
1253 1321 1322 1376 qui
1353 1320 1396 1360 in
1427 1336 1519 1361 eam
1545 1321 1634 1375 Jam
1655 1321 1723 1361 be-

125 1389 347 1445 nignitatis
386 1388 734 1430 consuetudinem
774 1387 902 1437 venit,
941 1391 989 1427 ut
1025 1401 1097 1428 eos
1145 1386 1215 1441 qui
1248 1386 1354 1426 bene
1394 1401 1481 1426 rem
1516 1385 1725 1440 publicam

125 1455 333 1510 gesserint
373 1454 490 1495 novis
530 1453 760 1494 honoribus
806 1451 977 1501 afficiat,
1017 1457 1060 1493 et
1092 1465 1265 1492 numero
1302 1451 1463 1491 dierum
1494 1455 1538 1491 et
1572 1463 1726 1504 genere

124 1521 358 1570 verborum,
397 1520 523 1574 hujus
555 1519 679 1560 unius
708 1518 861 1560 litteris
894 1517 1189 1559 nuntiantibus
1221 1531 1305 1557 non
1334 1517 1551 1558 crederet?
1582 1521 1727 1570 postu-

124 1584 306 1626 lantibus
324 1585 580 1639 denegaret?
641 1583 755 1624 XX.
790 1582 872 1622 His
894 1597 972 1637 ego
994 1583 1118 1622 rebus
1139 1596 1300 1637 pascor,
1335 1581 1400 1621 his
1429 1581 1627 1630 delector,
1660 1581 1725 1621 his

125 1650 336 1704 perfruor:
372 1650 482 1704 quod
515 1650 566 1689 de
599 1648 716 1689 vobis
749 1647 816 1688 hic
845 1647 946 1687 ordo
979 1647 1173 1701 opinatur
1205 1661 1289 1687 non
1321 1660 1442 1686 secus
1474 1660 1524 1686 ac
1552 1646 1603 1686 de
1638 1650 1725 1686 tae·
1765 1678 1769 1682 .

125 1714 308 1755 terrimis
329 1714 547 1760 hostibus3
582 1713 693 1768 quod
723 1727 797 1754 vos
828 1711 993 1766 equites
1027 1711 1218 1762 Romani,
1249 1711 1360 1766 quod
1389 1711 1517 1751 ceteri
1546 1710 1723 1759 ordines,

126 1781 237 1834 quod
270 1785 422 1820 cuncta
454 1779 601 1821 civitas
633 1779 746 1820 odit:
783 1773 893 1833 q‘uod
929 1792 1052 1818 nemo
1087 1778 1234 1826 bonus,
1263 1792 1384 1817 nemo
1416 1776 1594 1831 denique
1626 1776 1728 1817 civis

127 1850 204 1894 est,
229 1844 299 1899 qui
320 1845 444 1885 modo
476 1859 520 1885 se
554 1844 686 1884 civem
718 1858 807 1884 esse
837 1843 1086 1893 meminerit,
1120 1842 1189 1897 qui
1221 1857 1294 1883 vos
1322 1857 1405 1882 non
1428 1842 1557 1883 oculis
1578 1841 1725 1897 fugiat,

126 1909 296 1950 auribus
330 1914 514 1964 respuat,
537 1908 675 1949 animo
707 1913 967 1963 aspernetur,
1001 1907 1292 1948 recordatione
1322 1907 1499 1961 denique
1520 1906 1609 1961 ipsa
1631 1921 1729 1947 con-

127 1974 287 2015 sulatus
314 1973 443 2014 vestri
474 1974 782 2029 perhorrescat.
846 1973 969 2013 Haec
1002 1987 1080 2027 ego
1115 1987 1279 2026 semper
1307 1972 1358 2012 de
1388 1972 1504 2012 vobis
1526 1971 1727 2027 expetivi,

126 2038 230 2079 haec
263 2038 416 2093 optavi,
458 2038 561 2079 haec
594 2042 791 2093 precatus
827 2051 930 2077 sum.
995 2036 1127 2077 Plura
1162 2037 1291 2077 etiam
1327 2036 1572 2077 acciderunt
1605 2051 1730 2092 quam

173 2184 363 2222 humanum]
392 2183 444 2213 He
467 2183 571 2213 would
600 2183 640 2213 be
671 2193 760 2222 sorry
789 2182 815 2212 if
835 2181 910 2221 they

128 2226 191 2256 had
222 2226 369 2266 perished
399 2226 473 2256 thus
487 2238 493 2261 ;
519 2228 538 2242 “
552 2226 611 2255 but
641 2226 704 2255 still
734 2225 805 2255 that
835 2225 862 2254 is
893 2236 911 2254 a

129 2270 222 2307 thing
238 2269 339 2298 which
356 2279 426 2307 may
442 2269 569 2308 happen
584 2271 617 2297 to
634 2278 694 2307 any
716 2267 824 2304 man,’'
849 2268 910 2297 bad

131 2321 166 2341 or
182 2311 284 2350 good;
309 2311 371 2340 and
396 2311 421 2340 it
443 2311 468 2340 is
485 2314 540 2340 not
556 2310 713 2340 therefore
735 2321 753 2340 a
778 2311 909 2350 punish-

131 2358 229 2383 ment.
276 2353 324 2383 M.
342 2353 521 2389 Marcellus,
538 2354 591 2383 the
607 2353 764 2392 grandson
783 2355 817 2383 of
841 2354 906 2384 him

132 2397 202 2426 who
230 2396 306 2425 took
341 2396 492 2434 Syracuse
518 2396 551 2425 in
581 2396 634 2425 the
661 2396 783 2426 Second
808 2397 906 2426 Punic

132 2439 221 2475 War,
252 2448 314 2468 was
344 2438 405 2467 lost
434 2442 466 2468 at
497 2449 549 2468 sea
578 2449 654 2468 near
684 2439 739 2469 the
762 2443 849 2469 coast
873 2440 908 2469 of

132 2481 239 2511 Africa
256 2480 334 2521 (3.6.
353 2481 438 2520 148).
483 2481 568 2511 That
583 2482 684 2511 which
707 2482 848 2521 happens
871 2483 904 2512 in

134 2525 189 2554 the
202 2533 311 2554 course
323 2523 358 2552 of
370 2528 480 2553 nature
490 2524 515 2554 is
528 2528 585 2554 not
596 2536 614 2554 a
624 2525 839 2563 punishment,
852 2525 906 2555 be-

134 2576 226 2597 cause
236 2567 261 2595 it
273 2566 415 2605 happens
425 2567 506 2596 alike
516 2571 548 2596 to
561 2567 616 2597 the
628 2568 727 2607 guilty
737 2568 799 2597 and
809 2572 842 2597 to
853 2568 907 2598 the

135 2610 295 2639 innocent.
343 2612 361 2625 ‘¹
375 2609 474 2638 What
498 2610 574 2639 then
594 2610 618 2639 is
634 2620 653 2639 a
668 2611 807 2649 penalty,
824 2611 907 2640 what

134 2652 161 2682 is
177 2662 196 2681 a
221 2651 437 2691 punishment,
454 2652 537 2681 what
555 2662 607 2681 are
630 2653 683 2682 the
709 2652 799 2693 (real)
816 2654 907 2684 rocks

134 2695 197 2724 and
222 2704 340 2724 crosses
355 2693 389 2723 ?''
435 2694 464 2723 A
485 2695 629 2733 question
652 2695 753 2725 which
782 2696 821 2725 he
852 2697 908 2726 has

135 2737 295 2767 answered
310 2737 342 2766 in
358 2736 407 2766 his
421 2746 498 2775 way.

178 2781 318 2809 maoeime
348 2779 568 2818 triumphalis]
596 2779 645 2808 De
683 2780 774 2810 Prov.
813 2781 908 2811 Cons.

136 2832 163 2852 c.
175 2824 260 2852 2.-ι
273 2821 312 2851 ab
325 2827 437 2851 senatu
451 2821 457 2833 ’
474 2822 501 2851 is
512 2822 687 2851 Manutius’
699 2823 909 2853 emendation.

136 2865 188 2895 All
204 2865 258 2894 the
269 2865 384 2894 known
396 2864 491 2894 MSS.
505 2864 583 2894 have
601 2868 607 2880 ‘
620 2864 754 2895 absens.’
795 2866 911 2896 Manu-

134 2908 198 2937 tius
215 2917 294 2947 says,
312 2910 331 2924 “
343 2907 428 2946 Why
444 2908 564 2943 absens,
581 2907 665 2937 since
680 2907 722 2937 all
732 2907 823 2938 those
838 2909 908 2939 who

134 2950 275 2981 received
301 2950 357 2981 the
385 2949 454 2980 title
481 2950 516 2980 of
539 2949 717 2990 Imperator
741 2950 822 2980 from
853 2951 908 2982 the

956 2185 1063 2212 senate
1089 2183 1242 2219 abessent,
1259 2183 1321 2212 and
1336 2183 1369 2212 in
1392 2182 1455 2213 this
1476 2193 1543 2222 way
1558 2181 1635 2222 they
1650 2192 1730 2212 were

955 2226 1184 2264 distinguished
1209 2226 1289 2256 from
1310 2226 1400 2256 those
1427 2226 1497 2255 who
1512 2236 1592 2268 were
1609 2225 1730 2255 saluted

956 2268 1167 2308 Imperatores
1184 2269 1225 2308 by
1239 2269 1293 2298 the
1304 2279 1392 2308 army
1403 2268 1439 2298 ?”
1486 2269 1545 2299 Cn.
1565 2268 1730 2298 Dolabella

955 2321 1016 2341 was
1031 2312 1086 2341 the
1111 2322 1184 2341 man
1211 2312 1312 2341 whom
1341 2311 1377 2342 C.
1396 2312 1510 2342 Caesar
1532 2311 1729 2351 prosecuted.

952 2354 1005 2384 All
1020 2355 1110 2384 these
1127 2355 1214 2384 three
1226 2365 1298 2384 men
1314 2355 1376 2384 had
1391 2355 1560 2394 triumphs,
1576 2354 1635 2384 but
1650 2354 1730 2383 Tor-

952 2402 1064 2436 quatus
1087 2398 1113 2427 it
1142 2407 1243 2427 seems
1274 2398 1334 2427 had
1350 2408 1443 2433 none,
1461 2398 1581 2436 though
1605 2397 1645 2426 he
1668 2396 1731 2426 had

950 2440 1029 2469 been
1047 2440 1144 2470 called
1160 2441 1356 2479 Imperator;
1379 2441 1441 2470 and
1458 2440 1567 2470 Cicero
1580 2440 1636 2469 has
1653 2439 1729 2475 said,

949 2493 975 2513 c.
990 2484 1038 2519 16,
1054 2486 1120 2513 “ex
1132 2493 1194 2522 qua
1205 2483 1326 2522 aliquot
1338 2484 1493 2522 praetorio
1503 2483 1644 2522 imperio,
1657 2492 1732 2512 con-

952 2526 1046 2556 sulari
1080 2526 1206 2565 quidem
1231 2535 1325 2556 nemo
1354 2527 1456 2561 rediit,
1481 2526 1535 2565 qui
1565 2525 1730 2555 incolumis

951 2568 1056 2605 fuerit,
1073 2569 1126 2608 qui
1138 2578 1203 2598 non
1218 2569 1420 2608 triumpharit
1433 2568 1454 2582 ”
1480 2567 1686 2609 (Manutius).

994 2612 1100 2650 nemo]
1128 2615 1239 2651 except
1268 2611 1306 2641 T.
1336 2611 1500 2641 Albucius.
1563 2611 1613 2640 De
1638 2611 1730 2640 Prov.

953 2653 1047 2684 Cons.
1076 2664 1102 2683 c.
1129 2655 1214 2684 6.-ι
1228 2654 1316 2683 novis
1342 2654 1515 2684 honoribus
1529 2653 1548 2683 ε’
1572 2664 1606 2683 as
1628 2653 1661 2683 in
1677 2653 1732 2683 the

953 2706 1022 2726 case
1038 2696 1074 2726 of
1091 2697 1150 2727 Cn.
1169 2697 1349 2736 Pompeius,
1365 2697 1427 2726 and
1443 2707 1530 2726 more
1544 2696 1683 2735 recently
1699 2697 1730 2725 in

953 2740 1008 2769 the
1023 2749 1092 2769 case
1108 2739 1143 2768 of
1156 2739 1191 2769 C.
1204 2739 1319 2769 Caesar
1336 2740 1400 2778 (De
1417 2740 1506 2769 Prov.
1521 2738 1645 2778 Cous).

999 2784 1050 2812 20.
1069 2783 1279 2821 taeterrimis]
1302 2781 1494 2811 ‘acerrimis'
1506 2781 1545 2811 V.
1580 2781 1731 2810 Halm.—

958 2828 965 2841 ⁴
975 2824 1218 2854 recordatione-:³
1236 2828 1243 2841 ⁴
1256 2825 1504 2854 recordationem
1520 2823 1526 2835 '
1555 2823 1593 2853 E.
1605 2824 1732 2854 F.G.—

958 2870 965 2884 ‘
974 2877 1012 2897 ex
1023 2868 1186 2897 voluntate
1197 2866 1217 2896 :'
1230 2870 1236 2884 ‘
1250 2867 1410 2897 voluntate
1423 2866 1502 2896 meay
1517 2876 1624 2896 means
1637 2869 1644 2883 ‘
1655 2866 1732 2895 with

954 2920 1006 2949 my
1017 2904 1210 2945 consent,’as
1220 2910 1252 2939 in
1260 2909 1375 2940 Caesar
1388 2909 1440 2949 (B.
1449 2909 1488 2939 G.
1499 2909 1518 2939 i.
1527 2908 1576 2949 7):
1593 2912 1732 2948 “rogare

952 2956 989 2982 ut
1004 2953 1071 2991 ejus
1087 2953 1249 2983 voluntate
1264 2952 1296 2982 id
1310 2952 1369 2983 sibi
1385 2952 1487 2983 facere
1501 2951 1628 2983 liceat.''
