1816 3211
710 196 845 238 OAP.
872 198 1055 238 33—35.
1608 202 1689 241 515

80 311 164 352 bat.
228 310 293 350 Tu
322 325 422 366 ergo
456 326 575 361 unus,
599 312 814 359 scelerate,
838 311 1032 353 inventus
1053 326 1098 352 es
1122 312 1204 368 qui,
1229 327 1357 368 quum
1389 316 1540 354 auctor
1568 314 1687 369 regni

35 406 37 409 .
78 392 201 426 esses,
226 393 322 418 eum
354 393 477 433 quem
499 378 703 433 collegam
734 378 921 419 habebas
952 378 1166 419 dominum
1192 379 1348 420 habere
1382 379 1534 426 velles;
1577 380 1688 420 idem

76 448 265 484 tentares
297 443 396 497 quid
430 444 608 498 populus
646 443 864 484 Romanus
899 443 1008 484 ferre
1048 448 1091 485 et
1123 445 1213 499 pati
1244 450 1403 500 posset.
1466 444 1530 485 At
1560 444 1688 485 etiam

77 508 406 549 misericordiam
442 510 674 564 captabas;
710 509 888 563 supplex
926 513 969 550 te
1010 509 1064 550 ad
1105 510 1236 564 pedes
1267 510 1510 565 abjiciebas.
1574 510 1685 562 Quid

77 576 254 629 petens?
286 585 334 615 ut
365 575 574 616 servires?
637 575 732 615 Tibi
766 575 836 614 uni
868 579 1048 630 peteres,
1074 576 1144 630 qui
1172 576 1232 617 ita
1253 591 1277 633 a
1298 590 1430 631 puero
1452 575 1615 616 vixeras
1637 579 1686 616 ut-

79 639 218 680 omnia
251 645 457 694 paterere,
496 645 544 681 ut
579 640 699 680 facile
733 640 939 681 servires:
986 655 1011 681 a
1045 641 1168 682 nobis
1212 641 1452 696 populoque
1493 640 1685 681 Romano

78 706 322 746 mandatum
343 705 386 745 id
407 710 520 746 certe
541 719 625 745 non
646 705 844 746 habebas.
908 705 944 746 Ο
967 706 1227 760 praeclaram
1257 706 1371 747 illam
1403 705 1684 761 eloquentiam

75 775 207 821 tuam,
231 785 359 826 quum
380 785 424 812 es
444 771 581 811 nudus
609 769 893 811 contionatus.
956 771 1066 823 Quid
1088 772 1166 812 hoc
1188 771 1365 827 turpius,
1384 771 1483 826 quid
1504 771 1681 820 foedius,

78 836 177 891 quid
198 836 414 892 suppliciis
442 836 634 877 omnibus
666 836 861 891 dignius?
923 836 1037 877 Num
1068 842 1291 892 exspectas
1313 837 1412 877 dum
1435 842 1478 877 te
1500 835 1681 877 stimulis

76 901 307 944 fodiamus?
368 901 492 944 Haec
523 907 580 952 te,
604 902 639 943 si
661 902 786 943 ullam
814 907 982 957 partem
1014 902 1144 943 habes
1177 917 1339 952 sensus,
1369 902 1538 952 lacerat,
1577 902 1681 943 haec

77 973 274 1010 cruentat
308 968 457 1010 oratio.
521 967 686 1010 Vereor
716 983 768 1010 ne
800 968 1043 1010 imminuam
1076 983 1337 1010 summorum
1374 968 1559 1009 virorum
1593 968 1681 1023 glo-

76 1033 192 1083 riam,
217 1034 352 1075 dicam
384 1039 527 1075 tamen
553 1034 694 1075 dolore
717 1039 966 1076 commotus.
1029 1033 1139 1087 Quid
1161 1034 1374 1089 indignius
1397 1048 1523 1088 quam
1543 1032 1681 1073 vivere

76 1114 171 1140 eum
207 1100 276 1154 qui
309 1100 554 1154 imposuerit
590 1100 793 1150 diadema,
828 1115 956 1156 quum
992 1115 1136 1141 omnes
1175 1100 1391 1141 fateantur
1422 1100 1517 1154 jure
1553 1097 1679 1139 inter-

74 1165 233 1206 fectum
266 1180 358 1206 esse
389 1165 459 1221 qui
491 1166 722 1220 abjecerit?
784 1166 848 1207 At
884 1166 1011 1207 etiam
1044 1166 1197 1207 ascribi
1227 1166 1357 1221 jussit
1394 1165 1435 1205 in
1470 1164 1594 1205 fastis
1625 1164 1679 1204 ad

78 1230 464 1285 Lupercalia:—G.
503 1230 677 1272 Caesari
719 1231 933 1272 Dictatori
968 1237 1172 1286 perpetuo
1217 1232 1278 1272 M.
1310 1229 1547 1271 Antonium
1583 1243 1679 1270 con-

74 1296 206 1336 sulem
241 1296 383 1351 populi
415 1297 538 1350 jussu
574 1311 752 1350 regnum
793 1296 1020 1337 detulisse:
1068 1297 1291 1338 Caesarem
1323 1296 1385 1336 uti
1421 1294 1679 1336 noluisse.—

75 1361 260 1416 Jamjam
282 1361 450 1402 minime
467 1361 595 1402 miror
610 1366 654 1403 te
669 1361 802 1402 otium
823 1362 1081 1417 perturbare,
1105 1377 1190 1403 non
1210 1362 1335 1402 modo
1356 1361 1503 1401 urbem
1524 1359 1675 1410 odisse,

73 1428 148 1468 sed
180 1427 306 1468 etiam
341 1427 500 1478 lucem3
533 1442 626 1468 cum
656 1427 952 1482 perditissimis
985 1427 1220 1468 latronibus
1252 1442 1336 1468 non
1367 1427 1502 1467 solum
1525 1425 1575 1466 de
1597 1424 1674 1475 die,

74 1492 148 1532 sed
183 1492 312 1533 etiam
345 1492 387 1533 in
421 1493 530 1534 diem
562 1492 713 1533 vivere.
776 1492 864 1533 Ubi
901 1492 1011 1533 enim
1047 1498 1096 1534 tu
1123 1492 1166 1533 in
1199 1507 1303 1548 pace
1339 1490 1573 1533 consistes?
1605 1489 1675 1545 qui

72 1558 187 1598 locus
208 1558 285 1598 tibi
307 1557 348 1598 in
369 1557 532 1612 legibus
553 1563 596 1599 et
616 1558 659 1598 in
675 1557 846 1612 judiciis
871 1572 962 1599 esse
991 1562 1148 1613 potest,
1182 1572 1286 1612 quae
1314 1563 1373 1606 tu,
1408 1560 1612 1611 quantum
1633 1555 1675 1595 in

72 1627 116 1664 te
137 1622 228 1672 fuit,
252 1623 469 1664 dominatu
502 1623 618 1678 regio
648 1623 888 1664 sustulisti?
949 1623 1105 1664 Ideone
1130 1623 1178 1663 L.
1203 1622 1455 1677 Tarquinius
1485 1626 1673 1671 exactus,

74 1687 146 1742 Sp.
170 1687 353 1738 Cassius,
380 1688 453 1744 Sp.
474 1688 669 1738 Maelius,
689 1688 751 1729 M.
773 1688 959 1729 Manlius
975 1688 1125 1737 necati,
1149 1692 1199 1729 ut
1219 1687 1363 1729 multis
1380 1691 1476 1742 post
1497 1686 1674 1727 saeculis

73 1767 98 1793 a
122 1753 184 1793 M.
208 1753 411 1802 Antonio,
435 1754 546 1809 quod
566 1754 628 1794 fas
650 1769 733 1795 non
754 1759 832 1804 est,
854 1769 930 1795 rex
952 1753 1112 1794 Romae
1134 1752 1490 1794 constitueretur?

132 1819 347 1860 XXXV.
381 1819 466 1860 Sed
501 1819 555 1860 ad
587 1819 773 1874 auspicia
814 1820 1045 1867 redeamus,
1082 1819 1133 1859 de
1174 1819 1324 1873 quibus
1364 1818 1489 1857 rebus
1528 1815 1674 1856 Idibus

75 1886 245 1927 Martiis
265 1886 346 1928 fuit
367 1886 406 1926 in
430 1891 580 1927 senatu
605 1886 760 1927 Caesar
781 1890 968 1926 acturus.
1017 1885 1196 1937 Quaero,
1212 1889 1303 1925 tum
1318 1889 1365 1925 tu
1383 1882 1482 1938 quid
1500 1881 1671 1936 egisses.

74 1951 313 1993 Audiebam
344 1952 537 2007 equidem
558 1959 600 1993 te
622 1956 818 2006 paratum
839 1951 1014 2001 venisse,
1046 1951 1156 2006 quod
1178 1965 1245 1991 me
1266 1950 1316 1991 de
1341 1948 1553 1989 ementitis
1578 1962 1671 1988 aus-

70 2017 200 2072 piciis,
240 2017 389 2071 quibus
422 2021 567 2057 tamen
599 2031 743 2071 parere
775 2030 946 2057 necesse
977 2021 1080 2064 erat,
1115 2020 1289 2070 putares
1321 2029 1412 2056 esse
1445 2013 1668 2054 dicturum.

72 2081 251 2122 Sustulit
283 2080 397 2121 illum
433 2081 542 2121 diem
582 2081 750 2122 fortuna
783 2081 842 2121 rei
882 2079 1086 2136 publicae.
1151 2080 1263 2121 Num
1299 2079 1426 2121 etiam
1463 2084 1584 2119 tuum
1618 2078 1670 2119 de

888 2209 968 2248 goad
984 2219 1058 2248 you,
1069 2211 1102 2239 to
1119 2209 1174 2239 stir
1190 2218 1253 2248 you
1268 2218 1322 2248 up.
1354 2208 1423 2238 The
1436 2210 1443 2224 ⁴
1455 2207 1532 2238 haec
1544 2208 1645 2238 oratio
1658 2207 1665 2220 '

115 2214 187 2244 Tibi
210 2213 266 2242 uni
287 2211 429 2252 peteres]
481 2210 532 2240 He
548 2220 629 2250 sayS,
648 2210 766 2240 ‘What
790 2209 843 2239 did

887 2253 914 2282 is
930 2251 1101 2282 Antonius’
1119 2252 1229 2281 oratio.

66 2254 130 2297 you
157 2266 212 2286 sue
239 2255 310 2286 for?
355 2254 403 2284 To
434 2253 473 2284 be
503 2264 521 2283 a
551 2253 656 2283 slave?
703 2252 765 2282 Suc
796 2253 844 2282 for

66 2298 226 2339 yourself,’
252 2309 298 2338 or,
325 2298 413 2328 ‘You
440 2296 554 2326 should
584 2296 663 2326 have
689 2295 766 2325 sued
797 2295 844 2325 for

67 2342 227 2383 yourself.’

110 2385 232 2424 nudas]
280 2384 325 2414 As
341 2394 359 2414 a
375 2383 538 2423 Lupercus
554 2382 594 2412 116
610 2391 672 2411 was
689 2384 696 2398 ‘
711 2379 839 2417 nudus‚’

67 2429 204 2468 wearing
219 2428 293 2466 only
309 2437 327 2457 a
342 2427 411 2466 pair
429 2426 464 2457 of
485 2426 619 2456 drawers
643 2435 684 2455 on
708 2424 771 2454 this
790 2432 841 2453 so-

65 2472 152 2502 lemn
183 2471 338 2501 occasion.
398 2469 467 2499 The
503 2468 658 2508 Lupercal
693 2466 841 2497 breeches

65 2525 147 2545 were
177 2525 195 2544 a
225 2514 294 2544 skin
322 2512 356 2543 of
382 2513 438 2542 the
467 2512 599 2542 animals
630 2510 731 2540 which
762 2519 842 2539 were

65 2557 160 2588 killed
186 2567 227 2587 on
254 2557 308 2586 the
333 2555 488 2586 occasion.
533 2555 577 2584 At
600 2554 678 2583 least
699 2553 762 2582 this
778 2562 839 2582 was

65 2601 119 2631 the
150 2600 202 2630 old
233 2599 365 2628 fashion.
412 2598 465 2627 On
495 2597 550 2627 the
581 2597 702 2626 festival
729 2595 763 2625 of
786 2595 840 2625 the

65 2643 261 2683 Lupercalia,
288 2651 358 2681 says
384 2641 531 2670 Plutarch
558 2640 699 2678 (Cacsar,
725 2649 751 2668 6.
769 2638 837 2674 61),

65 2690 84 2704 “
100 2697 194 2726 many
204 2686 238 2715 of
251 2685 306 2715 the
323 2694 428 2723 young
441 2684 638 2722 magistrates
650 2682 711 2712 and
728 2681 839 2711 nobles

64 2740 124 2760 run
150 2728 289 2767 through
316 2727 370 2757 the
397 2727 458 2766 city
486 2726 619 2755 without
645 2725 728 2755 their
754 2729 837 2761 toga,

64 2773 125 2803 and
142 2773 191 2803 for
207 2775 314 2812 sport3
338 2771 399 2800 and
415 2773 448 2799 to
466 2769 557 2798 make
573 2768 729 2805 laughter,
743 2768 839 2798 strike

66 2817 158 2846 those
172 2816 275 2846 whom
303 2814 377 2853 they
400 2816 485 2842 meet
501 2811 575 2841 with
592 2812 686 2850 strips
711 2811 748 2840 of
767 2810 839 2840 hide

66 2859 137 2889 that
148 2859 226 2889 have
242 2858 295 2888 the
312 2857 379 2887 hair
393 2854 470 2886 on.'’
515 2854 585 2884 The
601 2854 713 2893 charge
728 2854 754 2884 is
770 2853 840 2883 that

68 2902 226 2932 Antonius
236 2899 404 2931 addressed
414 2898 469 2928 the
479 2898 590 2937 people
600 2897 633 2927 in
643 2897 706 2927 this
716 2900 840 2936 strange

69 2945 236 2985 plight.—‘
250 2943 384 2974 stimulis
408 2939 594 2971 fodiamus?
617 2943 651 2970 to
674 2940 762 2980 prick
777 2939 840 2970 and

937 2295 1022 2330 Quid
1038 2294 1216 2333 indiqnius]
1266 2294 1304 2323 In
1322 2293 1370 2323 his
1385 2293 1479 2324 letter
1495 2296 1528 2323 to
1540 2293 1665 2324 Atticus

890 2337 966 2377 (xvi.
989 2336 1040 2377 ll)
1057 2337 1167 2367 Cicero
1192 2346 1343 2376 proposes
1367 2340 1400 2366 to
1418 2337 1498 2366 alter
1513 2337 1575 2366 this
1592 2347 1664 2376 pas-

886 2390 976 2419 sage:
1003 2382 1023 2396 ‘¹
1039 2380 1122 2409 Illud
1149 2380 1243 2409 etiam
1275 2379 1358 2409 malo
1386 2383 1393 2396 ‘
1408 2380 1662 2419 indignissimum

890 2423 968 2462 [cst]
989 2423 1074 2452 hunc
1086 2423 1188 2452 vivere
1203 2422 1210 2435 ’
1227 2432 1322 2462 quam
1340 2426 1347 2440 ‘
1362 2423 1435 2463 quid
1447 2423 1628 2462 indignius!
1642 2422 1663 2436 ''

886 2466 952 2496 But
974 2466 998 2495 it
1021 2475 1122 2496 seems
1137 2465 1207 2496 that
1228 2467 1283 2496 the
1306 2476 1435 2505 passage
1452 2476 1513 2496 was
1538 2470 1594 2496 not
1616 2466 1662 2496 al-

886 2509 983 2545 tered,
1001 2509 1048 2539 sor
1063 2509 1088 2539 it
1103 2508 1212 2539 stands
1228 2509 1302 2539 thus
1318 2510 1350 2538 in
1364 2509 1418 2539 the
1434 2509 1531 2540 MSS.

928 2552 966 2581 de
1001 2552 1068 2591 die]
1118 2552 1274 2592 Compare
1306 2556 1313 2569 ⁸
1329 2553 1378 2582 De
1414 2553 1514 2582 multa
1546 2555 1639 2583 nocte
1652 2552 1660 2566 ’

885 2594 972 2635 (Vol.
989 2595 1032 2625 iii.
1051 2595 1178 2635 Index).
1219 2596 1283 2625 But
1299 2595 1373 2625 here
1390 2596 1447 2625 ‘de
1464 2596 1514 2626 die
1528 2595 1535 2608 '
1553 2605 1660 2625 means

884 2642 917 2668 to
944 2639 1004 2668 live
1031 2639 1216 2678 wastefully,
1237 2639 1494 2678 extravagantly3
1518 2639 1580 2669 and
1606 2639 1660 2668 ‘in

884 2681 989 2717 diem,’
1007 2682 1139 2712 without
1156 2692 1225 2712 care
1241 2682 1288 2711 for
1305 2682 1358 2711 the
1375 2686 1490 2712 tuture.
1536 2681 1588 2711 All
1605 2681 1659 2710 the

883 2725 985 2754 critics
1008 2724 1048 2755 do
1065 2729 1121 2755 not
1143 2735 1234 2765 agree
1257 2725 1355 2755 about
1380 2725 1435 2755 the
1456 2725 1604 2763 meaning
1628 2724 1663 2753 of

885 2770 892 2784 ‘
906 2768 944 2797 de
960 2767 1032 2798 die.’

927 2813 979 2843 35.
1002 2811 1115 2850 quibus
1130 2812 1225 2841 rebus
1239 2811 1366 2850 Idibus]
1415 2810 1454 2840 V.
1472 2810 1566 2840 omits
1584 2812 1590 2825 ‘
1605 2808 1657 2838 Id-

883 2853 977 2889 ibus,’
1002 2854 1064 2884 and
1094 2854 1189 2884 Halm
1214 2854 1246 2883 in
1274 2854 1322 2883 his
1349 2856 1418 2884 text
1445 2853 1500 2883 has
1525 2850 1657 2881 omitted

886 2899 894 2913 ⁴
906 2897 1022 2928 rebus.'
1069 2897 1110 2928 D.
1128 2897 1185 2928 has
1205 2897 1266 2927 ‘dc
1281 2896 1396 2937 quibus
1412 2896 1504 2927 rebus
1523 2893 1655 2925 Idibus.y

826 2981 933 3023 Ll2
