1816 3211
153 173 235 214 592
331 168 509 211 ORAT.
544 165 1059 209 PHILIPPIOARUM
1095 164 1282 206 LIBER
1314 163 1575 207 SEXTUS.

153 288 355 333 cerneret,
380 297 483 339 saga
504 282 611 324 sumi
636 282 818 337 juberet.
882 280 1015 321 Malui
1036 277 1185 334 viginti
1208 278 1354 319 diebus
1375 283 1473 333 post
1493 278 1748 320 sententiam

153 364 289 391 meam
319 348 480 389 laudari
511 349 564 388 ab
593 347 784 388 omnibus
815 360 937 400 quam
969 359 994 385 a
1019 343 1162 399 paucis
1189 343 1314 384 hodie
1337 343 1575 397 vituperari.
1637 345 1747 396 Qua-

155 420 338 470 propter,
383 413 582 465 Quirites,
627 416 873 465 exspectate
924 410 1162 464 legatorum
1205 409 1387 449 reditum
1428 412 1472 448 et
1520 423 1748 463 paucorum

156 480 315 520 dierum
336 477 571 518 molestiam
594 477 805 516 devorate.
854 474 933 526 Qui
956 489 1082 529 quum
1105 473 1320 523 redierint,
1339 473 1372 513 si
1394 487 1538 528 pacem
1559 474 1746 524 afferent,

157 544 351 599 cupidum
379 557 473 589 me;
509 542 543 581 si
580 541 745 590 bellum,
776 539 995 594 providum
1023 539 1272 593 judicatote.
1335 539 1405 578 An
1434 553 1512 593 ego
1545 553 1627 578 non
1657 554 1749 593 pro-

157 610 319 650 videam
340 607 442 648 mcis
466 606 638 655 civibus,
663 620 746 646 non
768 605 858 646 dies
880 609 1110 659 noctesque
1133 604 1183 643 de
1207 608 1347 644 vestra
1377 603 1586 651 libertate,
1610 603 1660 643 de
1691 602 1750 644 rei

157 674 346 730 publicae
382 673 516 714 salute
550 672 758 727 cogitem?
821 671 930 723 Quid
967 670 1076 711 enim
1109 684 1192 710 non
1226 670 1355 710 debeo
1389 669 1517 718 vobis,
1552 669 1748 722 QuiriteS,

157 755 280 795 quem
307 754 381 780 vos
412 753 437 779 a
467 753 511 779 se
542 743 682 783 ortum
713 737 950 778 hominibus
980 735 1262 786 nobilissimis,
1286 735 1479 776 omnibus
1510 735 1747 785 honoribus,

157 804 440 861 praetulistis?
502 803 573 860 An
594 803 784 858 ingratus
806 803 924 842 sum?
956 801 1047 856 quis
1068 801 1230 841 minus?
1262 799 1331 855 qui
1363 800 1494 855 partis
1524 800 1751 841 honoribus

158 871 327 912 eosdem
348 870 389 910 in
411 869 500 910 foro
533 868 644 924 gessi
675 868 842 908 labores
873 881 977 922 quos
1008 865 1214 921 petendis.
1278 865 1412 906 Rudis
1442 865 1483 906 in
1514 865 1751 921 republica?

161 936 262 989 Quis
293 934 578 983 exercitatior,
602 933 672 988 qui
693 932 843 987 viginti
866 932 956 986 jam
987 945 1120 971 annos
1150 930 1305 971 bellum
1334 945 1478 986 geram
1500 930 1752 986 cumimpiis

159 1003 343 1044 civibus?
404 1001 513 1042 VII.
549 999 843 1052 Quamobrem,
880 996 1078 1049 Quirites,
1122 996 1306 1045 consilio,
1342 1001 1544 1051 quantum
1586 1003 1749 1052 potero,

157 1068 299 1109 labore
339 1067 432 1122 plus
471 1080 603 1120 paene
636 1079 762 1119 quam
798 1067 946 1118 potero
978 1061 1193 1102 excubabo
1225 1061 1483 1116 vigilaboque
1513 1076 1587 1116 pro
1619 1062 1750 1103 vobis.

159 1132 333 1175 Etenim
372 1131 463 1187 quis
504 1134 569 1171 est
603 1129 716 1178 civis,
755 1126 1003 1183 praesertim
1039 1127 1118 1166 hoc
1153 1126 1300 1180 gradu,
1339 1141 1419 1181 quo
1452 1141 1518 1167 me
1550 1141 1624 1167 vos
1660 1142 1752 1167 esse

157 1198 358 1247 voluistis,
381 1202 470 1238 tam
506 1195 661 1235 oblitus
695 1192 885 1234 beneficii
913 1191 1055 1240 vestri,
1086 1196 1175 1231 tam
1205 1190 1423 1231 immemor
1458 1191 1631 1245 patriae,
1664 1195 1754 1232 tam

157 1263 350 1304 inimicus
381 1259 602 1316 dignitatis
633 1273 745 1307 suae,
771 1271 892 1312 quem
922 1271 1005 1297 non
1037 1255 1212 1304 excitet,
1234 1271 1316 1296 non
1346 1255 1577 1297 inflammet
1607 1261 1754 1298 tantus

158 1334 298 1370 vester
319 1328 397 1369 iste
420 1326 674 1367 consensus?
737 1323 900 1364 Multas
921 1337 1179 1378 magnasque
1208 1320 1335 1362 habui
1356 1321 1500 1362 consul
1523 1322 1750 1373 contioneS,

157 1393 302 1435 multis
333 1391 527 1433 interfui-t
560 1390 714 1430 nullam
746 1403 945 1443 umquam
967 1388 1049 1429 vidi
1071 1392 1238 1428 tantam
1259 1392 1416 1441 quanta
1436 1402 1546 1428 nunc
1568 1393 1755 1429 vestrum

159 1464 237 1501 est.
301 1458 446 1498 Unum
482 1455 651 1497 sentitis
687 1469 845 1503 omnes,
878 1468 1005 1494 unum
1041 1452 1236 1502 studetiS,
1272 1452 1336 1493 M.
1366 1452 1543 1494 Antonii
1578 1459 1754 1494 conatus

158 1528 347 1566 avertere
379 1538 405 1563 a
439 1537 483 1563 re
519 1520 696 1576 publica,
732 1520 912 1560 furorem
941 1518 1226 1573 exstinguere,
1257 1517 1488 1572 opprimere
1519 1519 1752 1561 audaciam.

162 1590 280 1631 Idem
302 1588 444 1629 volunt
473 1601 618 1627 omnes
640 1585 827 1626 ordines:
863 1584 1011 1625 eodem
1038 1583 1284 1624 incumbunt
1305 1583 1529 1638 municipia
1552 1584 1750 1636 coloniae,

161 1660 315 1698 cuncta
348 1652 486 1694 Italia.
549 1651 700 1706 Itaque
721 1654 914 1691 senatum
944 1650 1050 1690 bene
1072 1663 1147 1689 sua
1168 1653 1319 1703 sponte
1341 1648 1505 1688 firmum
1530 1649 1754 1690 firmiorem

160 1725 299 1762 vestra
319 1718 574 1759 auctoritate
605 1715 778 1757 fecistis.
842 1714 973 1755 Venit
994 1719 1172 1768 tempus⁷
1199 1712 1396 1763 Quirites,
1420 1713 1555 1754 serius
1586 1715 1753 1755 omnino

162 1800 287 1841 quam
328 1784 499 1838 dignum
534 1782 688 1836 populo
725 1781 918 1821 Romano
952 1779 1045 1828 fuit,
1080 1778 1155 1819 sed
1189 1782 1329 1819 tamen
1365 1778 1425 1819 ita
1460 1784 1672 1820 maturum
1705 1786 1755 1822 ut

163 1849 316 1890 differri
344 1848 432 1902 jam
465 1847 567 1887 hora
597 1860 681 1886 non
714 1845 859 1900 possit.
923 1844 1027 1885 Fuit
1066 1842 1214 1898 aliquis
1254 1842 1393 1883 fatalis
1434 1858 1568 1894 casus,
1606 1850 1654 1886 ut
1694 1845 1755 1887 ita

163 1915 313 1961 dicam,
340 1927 462 1968 quem
495 1911 678 1960 tulimus,
715 1924 881 1965 quoquo
918 1909 1041 1950 modo
1077 1908 1273 1948 ferendus
1308 1907 1413 1949 fuit:
1448 1923 1558 1950 nunc
1593 1910 1628 1950 si
1664 1911 1756 1965 quis

164 1980 257 2028 erit,
295 1978 375 2019 erit
406 1976 680 2018 voluntarius.
751 1975 962 2029 Populum
1000 1973 1236 2013 Romanum
1271 1972 1425 2013 servire
1460 1973 1523 2014 fas
1558 1989 1641 2015 non
1676 1979 1753 2026 est,

165 2059 287 2100 quem
323 2043 379 2083 dii
408 2041 667 2082 immortales
699 2039 889 2081 omnibus
922 2038 1119 2093 gentibus
1151 2038 1355 2092 imperare
1377 2038 1609 2081 voluerunt.
1671 2040 1756 2081 Res

164 2111 206 2151 in
246 2113 481 2150 extremum
521 2110 586 2147 est
625 2106 810 2146 adducta
850 2104 1086 2144 discrimen.
1161 2102 1227 2143 De
1266 2102 1464 2145 libertate
1504 2105 1754 2146 decernitur.

166 2176 257 2216 Aut
277 2173 455 2215 vincatis
486 2175 667 2227 oportet,
694 2170 891 2222 Quirites,
916 2169 1027 2225 quod
1057 2168 1248 2224 profecto
1280 2175 1324 2209 et
1357 2169 1514 2223 pietate
1541 2175 1682 2211 vestra
1713 2175 1757 2211 et

165 2247 286 2283 tanta
317 2237 537 2280 concordia
568 2235 888 2290 consequemini,
922 2239 997 2276 aut
1028 2233 1189 2289 quidvis
1219 2232 1361 2288 potius
1389 2248 1514 2289 quarn
1550 2235 1755 2276 serviatis.

167 2306 291 2347 Aliae
323 2303 514 2344 nationes
545 2301 793 2343 servitutem
822 2299 910 2355 pati
942 2303 1133 2354 possunt,
1165 2298 1307 2353 populi
1339 2299 1517 2340 Romani
1553 2298 1659 2355 [res]
1692 2305 1757 2341 est

166 2369 334 2425 propria
354 2368 539 2409 libertas.

212 2471 380 2510 cupidum]
430 2471 509 2500 ‘call
535 2481 586 2501 me
611 2481 629 2501 a
653 2470 843 2510 passionate,
875 2469 940 2499 vio·
1030 2479 1048 2498 a
1063 2479 1096 2499 se
1119 2470 1242 2507 ortum]
1290 2468 1435 2499 Muretus
1457 2477 1608 2507 proposes
1633 2466 1755 2497 ‘homi-

168 2513 235 2543 lent
259 2516 421 2552 opponent
446 2514 480 2543 of
499 2513 680 2544 Antonius!
727 2514 785 2543 See
801 2513 890 2542 Verr.
908 2512 940 2542 ii.
984 2522 1058 2542 nem
1085 2523 1103 2542 a
1130 2522 1163 2542 se
1189 2511 1371 2542 ortum.’—‘
1383 2520 1461 2551 quos
1491 2510 1665 2550 petendisz'
1703 2510 1755 2547 V.‚

168 2558 200 2593 4,
218 2566 244 2586 e.
262 2558 313 2591 56,
330 2556 392 2585 and
407 2556 462 2585 the
486 2561 570 2586 note.
616 2556 725 2587 Ursini
752 2559 807 2595 got
834 2565 942 2594 wrong
986 2557 993 2571 ‘
1009 2565 1087 2594 quos
1103 2555 1134 2585 in
1151 2555 1295 2594 petendis
1309 2554 1317 2568 ’
1335 2554 1355 2583 i.
1403 2554 1564 2589 Garatoni,
1582 2553 1698 2592 quoted
1715 2553 1756 2592 by

169 2600 202 2629 in
219 2600 280 2628 this
296 2609 426 2638 passage
444 2599 539 2637 (Phil.
551 2599 659 2639 vi.6):
684 2600 723 2629 he
739 2599 842 2628 would
854 2599 941 2627 write
988 2598 1094 2633 Halm,
1120 2598 1196 2628 cites
1222 2598 1270 2627 De
1292 2597 1388 2635 Legg.
1409 2596 1451 2625 iii.
1475 2598 1489 2633 ξ
1510 2597 1544 2626 ll
1563 2608 1569 2625 :
1595 2596 1756 2625 “Donum

170 2641 375 2681 ‘stupidum,'
392 2642 453 2670 and
467 2642 543 2671 Ant.
558 2642 765 2680 Augustinus,
782 2641 941 2680 generally
985 2651 1024 2670 ne
1041 2641 1189 2680 capiunto
1214 2651 1291 2670 neve
1314 2640 1409 2669 danto
1425 2649 1503 2668 neve
1519 2638 1654 2677 petenda
1680 2648 1757 2668 neve

169 2696 209 2714 an
226 2685 380 2715 excellent
393 2683 488 2722 judge
509 2684 544 2713 of
567 2685 716 2724 Latinity,
735 2684 837 2714 would
854 2685 940 2713 write
985 2684 1121 2722 gerenda
1138 2694 1215 2713 neve
1230 2687 1318 2721 gesta
1334 2681 1525 2721 potestate.'’

171 2727 359 2757 ‘timidum.'
405 2727 470 2756 But
487 2726 636 2756 Graevius
661 2732 723 2757 sets
748 2728 835 2757 them
857 2727 941 2765 right
1030 2727 1059 2761 7.
1085 2727 1181 2765 hora]
1231 2726 1382 2756 Graevius
1398 2724 1553 2763 proposed
1570 2722 1720 2753 ‘horam.’

169 2771 211 2809 by
227 2771 336 2808 telling
352 2780 388 2798 us
405 2769 474 2798 that
489 2772 496 2784 ‘
508 2769 656 2807 cupidum
670 2770 676 2781 ¹
696 2771 720 2799 is
739 2774 744 2785 ‘
759 2770 853 2799 nimis
870 2780 940 2807 par·
1018 2769 1140 2806 fatalis
1156 2769 1263 2807 casm]
1311 2766 1452 2797 Caes-ar’s
1468 2766 1660 2804 usui-parion.

170 2815 248 2843 tium
267 2811 465 2843 studiosum)
