1816 3211
712 204 847 248 OAP.
879 206 918 256 4,
953 206 992 245 5.
1566 208 1648 252 675

52 330 127 357 cur
164 317 330 359 absenti
370 317 637 373 triumphum.
700 318 963 374 Quamquam
1009 317 1118 359 enim
1158 332 1333 374 magnas
1372 333 1440 360 res
1478 319 1646 361 bellicas

48 387 239 435 gesserat
259 388 302 424 et
322 383 534 439 triumpho
565 384 726 439 dignas,
758 399 842 425 non
872 389 962 426 erat
989 389 1132 426 tamen
1160 384 1197 424 ei
1221 384 1501 435 tribuendum,
1535 385 1646 440 quod

49 460 126 486 nec
152 447 199 488 L.
223 447 404 489 Aemilio
425 464 501 490 nee
524 449 758 491 Aemiliano
789 449 973 504 Scipioni
1006 463 1083 490 nec
1111 449 1313 504 superiori
1335 449 1537 490 Africano
1568 463 1645 490 nec

51 511 189 553 Mario
210 528 286 554 nec
310 513 523 569 PompeiO,
548 515 617 570 qui
638 516 798 570 majora
829 515 938 556 bella
969 520 1202 569 gesserunt,
1228 515 1302 555 sed
1333 515 1445 570 quod
1476 514 1642 556 silentio

48 576 200 617 bellum
213 578 330 619 civile
345 579 583 621 confecerat
596 595 723 634 quum
739 580 917 635 primum
930 579 1059 630 licuit,
1076 580 1255 620 honores
1269 579 1311 620 in
1325 594 1421 621 eum
1436 579 1643 620 maximos

48 642 298 683 contulistis.
360 642 416 684 V.
442 643 728 686 Exist-imasne
753 645 895 700 igitur,
923 644 985 685 M.
1013 643 1182 698 Lepide,
1207 645 1372 699 qualem
1395 644 1643 699 Pompeium

45 719 113 746 res
134 706 298 760 publica
318 708 513 749 habitura
534 709 590 750 sit
611 710 754 759 civem,
778 710 883 751 tales
904 710 1068 751 futuros
1090 710 1133 750 in
1153 724 1197 750 re
1220 709 1387 764 publica
1404 709 1644 751 Antonios?

48 769 99 810 In
118 770 251 812 altero
280 772 423 826 pudor,
456 773 656 827 gravitas,
687 774 935 825 moderatio,
960 774 1208 829 integritas:
1246 774 1288 814 in
1310 774 1492 816 illis—et
1514 789 1641 829 quum

45 835 122 876 hos
153 836 368 891 compello,
395 843 613 892 praetereo
643 839 781 880 animo
812 854 864 880 ex
890 854 1019 894 grege
1049 839 1255 880 latrocinii
1284 839 1645 880 neminem—libi-

45 899 175 950 dines,
199 902 369 953 scelera,
393 903 447 943 ad
468 918 589 945 omne
619 904 782 945 facinus
813 904 1005 946 immanis
1032 904 1221 946 audacia.
1284 903 1447 945 Deinde
1469 919 1542 945 vos
1565 905 1636 946 ob-

44 979 174 1015 secro,
197 971 340 1021 patres
361 969 597 1024 conscripti,
622 969 714 1024 quis
745 969 823 1010 hoc
845 976 1029 1010 vestrum
1058 983 1140 1009 non
1161 968 1284 1018 videt,
1304 969 1415 1024 quod
1439 969 1634 1010 Fortuna

43 1029 147 1085 ipsa,
179 1045 286 1086 quae
322 1033 475 1074 dicitur
503 1048 639 1083 caeca,
672 1034 802 1075 vidit?
866 1034 998 1075 Salvis
1029 1034 1140 1075 enim
1171 1034 1278 1075 actis
1310 1033 1512 1082 Caesaris,
1536 1048 1643 1089 quae

45 1097 293 1138 concordiae
315 1112 464 1139 caussa
485 1098 758 1150 defendimus,
781 1099 981 1154 Pompeio
1004 1113 1080 1140 sua
1101 1098 1249 1139 domus
1271 1098 1444 1153 patebit,
1469 1113 1642 1153 eamque

43 1175 126 1201 non
153 1161 323 1203 minoris
358 1177 482 1218 quam
517 1164 619 1205 emit
648 1164 862 1205 Antonius
892 1164 1098 1210 redimet;
1132 1163 1320 1212 redimet,
1351 1163 1530 1218 inquam,
1564 1164 1641 1205 Cn.

45 1226 234 1281 Pompeii
265 1227 433 1268 domum
453 1228 575 1269 filius.
640 1228 676 1269 O
699 1243 786 1270 rem
816 1229 1036 1270 acerbam!
1073 1228 1147 1269 sed
1170 1229 1272 1269 haec
1304 1228 1407 1269 satis
1439 1228 1509 1268 diu
1540 1228 1642 1269 mul-

42 1296 216 1346 tumque
239 1292 390 1334 defleta
410 1298 522 1334 sunt.
586 1293 843 1336 Decrevistis
865 1299 1027 1335 tantam
1049 1293 1268 1348 pecuniam
1287 1293 1490 1348 Pompeio
1513 1308 1642 1348 quan-

42 1362 131 1398 tam
159 1371 209 1397 ex
230 1357 350 1398 bonis
377 1358 525 1413 patriis
556 1358 597 1399 in
618 1359 800 1414 praedae
834 1358 1104 1413 dissipatione
1140 1357 1329 1399 inimicus
1356 1359 1491 1399 vietor
1523 1359 1639 1399 rede-

42 1421 189 1476 gisset.
252 1423 333 1463 Sed
357 1423 464 1463 hanc
497 1423 596 1464 mihi
631 1423 987 1480 dispensationem
1017 1438 1092 1478 pro
1124 1427 1301 1478 paterna
1331 1423 1640 1465 necessitudine

42 1491 85 1528 et
106 1488 399 1542 conjunctione
420 1488 611 1543 deposco.
674 1488 870 1530 Redimet
891 1489 1047 1538 hortos,
1072 1489 1208 1537 aedes,
1233 1488 1392 1529 urbana
1412 1489 1635 1543 quaedam,

42 1566 150 1606 quae
190 1553 379 1607 possidet
413 1553 655 1601 Antonius;
699 1568 796 1594 nam
835 1559 1070 1608 argentum,
1113 1558 1285 1600 vestem,
1327 1554 1639 1608 supellectilem,

39 1617 181 1658 vinum
212 1617 382 1659 amittet
407 1633 542 1673 aequo
571 1618 722 1669 animo,
746 1633 852 1674 quae
873 1619 939 1659 ille
962 1617 1082 1659 heluo
1113 1618 1345 1673 dissipavit.
1408 1619 1636 1668 Albanum,

43 1682 316 1724 Formianum
345 1698 370 1724 a
401 1683 618 1724 Dolabella
652 1684 932 1739 recuperabit,
962 1683 1090 1724 etiam
1117 1683 1170 1723 ab
1204 1683 1392 1724 Antonio
1428 1683 1633 1725 Tuscula-

39 1763 167 1796 num;
201 1748 311 1803 iique
332 1748 402 1803 qui
423 1763 532 1789 nunc
559 1748 772 1789 Mutinam
794 1752 1052 1803 oppugnant,
1074 1748 1127 1788 D.
1152 1747 1332 1788 Brutum
1353 1749 1560 1798 obsident,
1583 1750 1636 1790 dc

41 1813 221 1855 Falerno
244 1814 431 1855 Anseres
451 1813 723 1868 depellantur.
786 1813 893 1854 Sunt
914 1813 982 1853 alii
1003 1812 1142 1868 plures
1162 1813 1354 1861 fortasse,
1377 1814 1451 1853 sed
1474 1814 1524 1854 de
1546 1828 1639 1855 mea

37 1878 240 1920 memoria
260 1878 512 1919 dilabuntur.
575 1877 668 1932 Ego
691 1877 818 1919 etiam
840 1893 913 1919 eos
934 1878 1040 1927 dico,
1065 1877 1134 1933 qui
1156 1877 1340 1919 hostium
1361 1892 1533 1919 numero
1554 1893 1637 1919 non

38 1948 151 1991 sunt,
172 1943 449 1997 Pompeianas
466 1943 751 1998 possessiones
767 1943 914 1998 quanti
931 1942 1108 1984 emerint
1129 1943 1214 1983 filio
1237 1943 1486 1984 reddituros.
1522 1943 1638 1985 Satis

39 2008 339 2048 inconsiderati
364 2007 455 2056 fuit,
484 2022 536 2048 ne
561 2008 697 2048 dicam
724 2007 909 2056 audacis,
943 2022 1031 2048 rem
1062 2007 1188 2048 ullam
1210 2022 1261 2048 ex
1289 2007 1368 2048 illis
1398 2008 1634 2063 attingere;

38 2072 221 2113 retinere
242 2086 339 2113 vero
361 2072 454 2126 quis
480 2070 635 2126 poterit
666 2071 895 2111 clarissimo
921 2072 1089 2112 domino
1117 2072 1344 2112 restituto?
1405 2072 1476 2112 An
1497 2073 1531 2112 is
1554 2087 1636 2113 non

39 2137 200 2187 reddet,
239 2137 308 2192 qui
347 2136 502 2176 domini
541 2135 840 2190 patrimonium
878 2135 1194 2190 circumplexus,
1237 2136 1354 2190 quasi
1395 2137 1637 2177 thesaurum

858 2292 919 2312 ono
952 2283 1008 2312 has
1040 2285 1047 2299 ‘
1062 2282 1269 2313 Firmanum.'
1317 2283 1413 2313 Halm
1438 2284 1536 2314 refers
1559 2287 1592 2314 to
1615 2294 1634 2315 a

83 2288 114 2315 5.
153 2285 202 2315 M.
233 2283 371 2323 Lepide]
419 2282 559 2323 Lepidus
588 2282 615 2312 is
644 2282 813 2312 addressed

857 2326 949 2356 letter
971 2330 1005 2355 to
1029 2325 1155 2355 Atticus
1183 2326 1248 2366 (xv.
1279 2328 1326 2362 13,
1352 2326 1407 2366 5):
1432 2327 1634 2357 “Dolabella

38 2328 161 2367 though
177 2327 217 2357 he
232 2327 258 2357 is
273 2330 329 2356 not
349 2329 487 2366 present.
534 2325 644 2355 Cicero
660 2325 734 2355 does
750 2326 813 2355 this

39 2371 232 2402 sometimes.

84 2417 207 2444 tantam
219 2412 405 2452 pecuniam]
442 2411 511 2441 The
527 2410 764 2449 compensation
780 2413 814 2440 to

41 2456 220 2495 Pompeius'
237 2466 294 2485 son
311 2465 383 2490 was,
400 2464 434 2484 as
451 2454 560 2484 Cicero
577 2463 658 2492 says,
672 2454 765 2493 equal
781 2454 813 2483 in

39 2502 170 2529 amount
186 2502 219 2528 to
239 2498 295 2527 the
310 2507 379 2527 sum
396 2497 497 2526 which
522 2497 583 2526 had
610 2497 688 2526 been
713 2496 812 2525 raised

39 2542 81 2581 by
97 2542 151 2572 the
167 2541 231 2571 sale
246 2541 282 2570 of
300 2539 448 2577 Magnus’
467 2542 614 2578 property
630 2551 637 2575 ς
661 2539 723 2568 and
743 2540 768 2568 it
787 2539 813 2568 is

38 2585 105 2614 also
129 2584 195 2614 said
221 2584 291 2614 that
322 2584 436 2612 Sextus
461 2582 562 2612 would
588 2582 740 2620 purchase
765 2581 812 2611 his

38 2626 170 2657 fatlier’s
186 2627 283 2656 house
305 2625 353 2655 for
376 2626 431 2656 the
451 2635 520 2654 sum
537 2625 637 2654 which
654 2624 813 2655 Antonius

60 2680 126 2700 ave.

38 2680 60 2710 g
82 2711 365 2751 dispensationem]
405 2710 474 2741 The
485 2712 705 2749 management
717 2709 753 2739 of
759 2709 814 2740 the

38 2756 191 2795 purchase
207 2754 268 2784 and
293 2756 505 2793 payment.—‘
520 2763 592 2782 nam
616 2755 780 2791 argentum
793 2752 812 2782 :’

39 2801 47 2816 ⁴
61 2798 110 2828 for
125 2808 159 2827 as
176 2800 209 2827 to
225 2797 279 2827 the
295 2797 390 2836 plate,
408 2799 477 2831 δια,
494 2796 534 2826 he
549 2795 610 2825 will
627 2795 666 2825 be
682 2798 812 2826 content

37 2843 72 2872 to
87 2841 152 2870 lose
166 2839 260 2870 that!
307 2840 366 2868 See
382 2839 453 2868 Vol.
470 2839 491 2868 i.
513 2838 620 2874 ludex,
639 2841 646 2855 ‘
661 2838 767 2868 Nam.’

80 2883 254 2918 Albanum,
281 2881 506 2921 Formianum]
555 2881 614 2911 See
636 2880 757 2911 Introd.
781 2891 812 2920 p.

36 2927 111 2957 450.
158 2926 253 2956 Some
276 2925 372 2955 Mss.
389 2924 467 2954 have
489 2927 496 2941 ⁴
511 2923 727 2960 Firmianum,'
750 2923 812 2954 and

859 2390 867 2397 .
886 2390 893 2398 .
913 2391 918 2398 .
935 2369 974 2398 ad
991 2379 1042 2398 me
1057 2379 1094 2398 ex
1116 2369 1282 2399 Formiano
1299 2368 1458 2408 scripsit.''

902 2411 941 2440 (le
971 2412 1108 2441 Falerno
1126 2434 1133 2441 .
1152 2434 1159 2441 .
1178 2434 1185 2441 .
1203 2412 1422 2453 depellantur]
1449 2416 1455 2429 ‘
1472 2413 1632 2452 depellen-

858 2455 910 2483 tur
924 2454 931 2466 '
949 2454 979 2483 b.
1005 2454 1171 2484 Manutius
1184 2455 1244 2484 and
1263 2456 1355 2485 Halm
1368 2456 1450 2485 refer
1462 2460 1494 2485 to
1507 2457 1632 2487 Servius

859 2496 912 2536 (ad
927 2497 1020 2536 Verg.
1052 2497 1119 2527 Ecl.
1144 2498 1185 2527 ix.
1204 2500 1265 2528 36:
1292 2501 1310 2515 ¹⁴
1324 2499 1378 2528 sed
1399 2503 1527 2538 argutos
1552 2500 1633 2530 inter

857 2543 997 2579 strepere
1017 2550 1108 2570 anser
1131 2540 1233 2570 olores
1248 2540 1303 2580 ”):
1329 2544 1348 2558 ‘⁴
1364 2542 1487 2571 Alludit
1509 2542 1548 2572 ad
1565 2543 1632 2572 An-

857 2592 967 2618 serem,
988 2583 1145 2622 quendam
1173 2584 1303 2614 Antonii
1331 2588 1469 2624 poctam,
1489 2585 1542 2624 qui
1566 2586 1632 2624 ojus

856 2625 963 2655 laudes
976 2626 1141 2662 scribebat,
1155 2637 1248 2666 quem
1261 2627 1302 2657 ob
1319 2627 1378 2657 hoc
1395 2637 1451 2667 per
1463 2628 1631 2658 transitum

857 2669 981 2707 carpsit.
1029 2669 1078 2699 De
1093 2669 1152 2699 hoc
1167 2670 1260 2699 etiam
1275 2670 1385 2701 Cicero
1400 2671 1431 2700 in
1452 2671 1631 2709 Philippicis

857 2711 932 2741 dicit
946 2723 952 2740 :
972 2711 1019 2742 Ex
1031 2722 1106 2751 agro
1121 2712 1252 2742 Falerno
1265 2713 1401 2742 Anseres
1414 2713 1609 2752 depellantur
1622 2725 1628 2742 z

857 2753 959 2793 ipsum
976 2755 1059 2784 enim
1075 2765 1184 2794 agrum
1201 2756 1228 2785 ei
1245 2755 1375 2786 donarat
1392 2755 1584 2785 Antonius.”

900 2798 1101 2838 thesaurum]
1139 2808 1200 2828 om.
1233 2801 1257 2828 t.
1315 2802 1334 2815 ‘⁴
1355 2799 1470 2828 Ravius
1498 2798 1528 2826 in
1559 2807 1628 2827 var.

857 2839 942 2870 lectt.
960 2840 992 2870 ii.
1009 2851 1041 2880 p.
1063 2842 1122 2871 168
1137 2841 1197 2871 hoc
1213 2844 1314 2871 totum
1333 2842 1422 2879 quasi
1444 2841 1628 2869 thesaurum

856 2882 954 2912 draco
981 2893 1038 2922 pro
1069 2884 1258 2922 glossemate
1286 2883 1380 2913 habet
1395 2894 1401 2917 ς
1433 2881 1523 2911 nobis
1553 2882 1629 2912 satis

856 2924 917 2954 fuit
933 2927 1119 2956 thesaurum
1135 2926 1227 2956 obelo
1244 2930 1370 2956 notasse
1384 2924 1403 2937 ''
1422 2923 1562 2965 (llalm).

795 2970 916 3007 xx2
