1816 3211
93 231 176 271 320
424 229 600 271 ORAT.
634 229 753 270 PRO
786 228 836 271 T.
868 228 1063 270 ANNIO
1098 228 1355 271 MILONE.

92 343 468 398 interrogaverant,
509 358 564 384 an
604 343 801 384 Galatam
850 343 1023 383 Milonis
1072 357 1237 383 servum
1277 343 1425 384 caedes
1463 343 1686 385 facientem

94 408 450 463 deprehendisset.
513 408 587 448 Ille
620 407 896 448 dormientem
930 408 973 447 in
1009 408 1186 447 taberna
1217 421 1293 462 pro
1329 407 1504 462 fugitivo
1540 409 1685 463 depre-

94 474 269 514 hensum
304 477 347 514 et
382 474 435 513 ad
474 487 518 513 se
554 472 803 526 perductum
847 486 937 512 esse
973 472 1258 526 responderat.
1322 471 1687 514 Denuntiaverant

93 544 235 580 tamen
270 538 499 585 triumviro,
533 552 584 577 ne
615 551 779 577 servum
811 536 1074 578 remitteret:
1113 538 1187 577 sed
1219 542 1389 592 postera
1421 538 1485 578 die
1522 537 1687 579 Caelius

94 604 287 645 tribunus
322 603 377 657 pl.
414 607 458 642 et
492 601 693 641 Manilius
726 600 938 642 Cumanus
975 601 1133 656 collega
1165 602 1257 656 ejus
1289 606 1481 656 ereptum
1510 616 1532 642 e
1563 603 1686 642 domo

95 668 300 710 triumviri
335 681 500 708 servum
538 665 687 705 Miloni
728 666 1017 707 reddiderunt.
1080 667 1201 707 Haec
1237 666 1317 707 etsi
1353 666 1506 706 nullam
1538 667 1589 706 de
1622 666 1686 706 his

95 732 336 773 criminibus
364 730 622 772 mentionem
653 730 754 771 fecit
786 729 947 779 Cicero,
983 735 1136 781 tamen,
1172 731 1268 785 quia
1303 731 1363 772 ita
1391 744 1686 785 compereram,

94 797 237 852 putavi
260 796 518 852 exponenda.
580 795 699 836 Inter
731 795 887 849 primos
918 799 961 836 et
990 795 1039 848 Q.
1065 796 1302 850 Pompeius,
1327 799 1371 836 et
1392 795 1437 837 C.
1463 789 1688 836 Sallustius

94 867 137 903 et
175 863 224 903 Τ.
264 862 482 903 Munatius
524 858 708 901 Plancus
748 860 906 901 tribuni
945 861 999 916 pl.
1041 861 1345 902 inimicissimas
1385 862 1599 903 contiones
1636 862 1686 902 de

98 927 257 968 Milone
292 927 515 975 habebant,
554 925 749 967 invidiam
796 957 805 966 .
854 957 862 967 .
913 957 922 966 .
969 925 1097 967 etiam
1132 927 1182 967 de
1219 926 1431 977 Cicerone,
1463 927 1573 981 quod
1603 926 1687 977 Mi-

93 992 229 1033 lonem
258 996 378 1033 tanto
400 991 541 1032 studio
563 991 832 1036 defenderet;
866 996 1038 1045 eratque
1069 991 1251 1031 maxima
1281 1006 1379 1045 pars
1409 990 1688 1033 multitudinis

94 1058 254 1098 infensa
274 1072 356 1098 non
377 1057 511 1098 solum
540 1055 703 1105 Miloni,
732 1056 806 1096 sed
840 1055 968 1097 etiam
997 1060 1170 1110 propter
1201 1056 1378 1096 invisum
1410 1056 1686 1111 patrocinium

96 1122 300 1164 Ciceroni.
362 1123 520 1162 Postea
544 1121 770 1175 Pompeius
791 1125 835 1161 et
859 1120 1081 1161 Sallustius
1112 1121 1153 1161 in
1183 1121 1417 1176 suspicione
1445 1122 1614 1162 fuerunt
1644 1121 1686 1160 in

93 1188 272 1242 gratiam
305 1187 462 1227 redisse
492 1201 587 1226 cum
626 1185 784 1225 Milone
814 1200 864 1224 ac
899 1184 1111 1225 Cicerone.
1174 1185 1357 1225 Plancus
1386 1190 1528 1226 autem
1564 1186 1686 1226 infes-

94 1253 255 1294 tissime
291 1251 489 1306 perstitit,
522 1255 649 1304 atque
677 1249 718 1289 in
750 1249 993 1290 Ciceronem
1025 1263 1188 1303 quoque
1224 1249 1534 1290 multitudinem
1568 1250 1685 1291 insti-

92 1317 236 1372 gavit3
274 1315 476 1370 Pompeio
504 1319 648 1355 autem
679 1318 923 1368 suspectum
943 1313 1127 1354 faciebat
1151 1313 1363 1363 Milonem,
1388 1314 1441 1354 ad
1462 1314 1688 1368 perniciem

93 1384 184 1437 ejus
206 1381 437 1436 comparari
458 1380 539 1421 vim
563 1378 816 1420 vociferatus
836 1395 847 1425 ;
883 1378 1192 1433 Pompeiusque
1214 1379 1267 1419 ob
1289 1393 1338 1419 ea
1358 1378 1523 1433 saepius
1544 1393 1686 1433 quere-

92 1449 228 1495 batur,
262 1446 353 1487 fieri
381 1445 458 1486 sibi
489 1459 651 1500 quoque
679 1443 849 1484 insidias
885 1447 928 1484 et
963 1443 1003 1483 id
1036 1443 1185 1497 palam,
1218 1457 1267 1483 ac
1299 1443 1457 1497 majore
1487 1458 1611 1484 manu
1643 1458 1688 1485 se

93 1513 298 1553 armabat.
372 1511 596 1552 Dieturum
632 1523 796 1564 quoque
829 1508 937 1548 diem
971 1507 1161 1548 Ciceroni
1202 1507 1384 1549 Plancus
1420 1509 1684 1559 ostendebat,

92 1582 242 1632 postea
277 1581 420 1617 autem
454 1576 504 1628 Q.
540 1574 767 1628 Pompeius
800 1573 910 1613 idem
944 1573 1163 1614 minitatus
1195 1577 1299 1613 erat.
1373 1573 1511 1613 Tanta
1544 1578 1686 1614 tamen

94 1642 334 1684 constantia
364 1656 413 1681 ac
441 1641 545 1680 fides
575 1639 655 1680 fuit
689 1638 912 1687 Ciceronis,
941 1642 990 1678 ut
1020 1652 1104 1678 non
1132 1637 1274 1692 populi
1299 1651 1324 1677 a
1351 1652 1395 1677 se
1421 1637 1684 1687 alienatione,

93 1723 177 1748 non
213 1707 289 1748 Cn.
323 1705 513 1760 Pompeii
539 1704 855 1759 suspicionibus,
889 1718 972 1743 non
999 1703 1172 1757 periculi
1196 1701 1326 1742 futuri
1350 1706 1477 1751 metu,
1502 1701 1536 1741 si
1562 1701 1681 1756 [sibi]

94 1773 182 1813 dies
218 1773 272 1812 ad
307 1772 506 1825 populum
542 1769 760 1816 diceretur,
797 1782 881 1808 non
921 1768 1059 1815 armis,
1097 1781 1202 1821 quae
1235 1766 1372 1821 palam
1406 1766 1448 1806 in
1483 1766 1686 1807 Milonem

94 1841 264 1891 sumpta
296 1840 428 1885 erant,
464 1833 664 1874 deterreri
699 1832 887 1886 potuerit
919 1847 944 1872 a
975 1831 1214 1872 defensione
1245 1831 1348 1884 ejus,
1382 1845 1509 1884 quum
1540 1836 1685 1885 posset

94 1915 216 1942 omne
252 1900 482 1954 periculum
521 1912 643 1938 suum
683 1901 727 1936 et
767 1896 1036 1936 offensionem
1072 1894 1262 1935 inimicae
1301 1895 1581 1936 multitudinis
1617 1897 1686 1936 de—

94 1965 260 2014 clinare,
291 1963 493 2004 redimere
515 1962 643 2003 etiam
669 1960 745 2002 Cn.
769 1960 960 2015 Pompeii
981 1960 1176 2010 animum,
1201 1959 1235 1999 si
1257 1960 1440 2014 paullum
1467 1975 1518 2001 ex
1547 1961 1685 2001 studio

96 2028 345 2070 defensionis
366 2027 608 2068 remisisset.

153 2094 326 2134 Pei-lata
347 2092 497 2133 deinde
518 2092 608 2145 lege
632 2089 835 2145 Pompeii,
861 2089 902 2129 in
925 2104 1006 2145 qua
1033 2090 1075 2130 id
1103 2105 1267 2145 quoque
1289 2090 1488 2144 scriptum
1512 2095 1615 2140 erat,
1640 2096 1688 2132 ut

96 2159 308 2214 quaesitor
339 2156 536 2212 suffragio
568 2155 709 2210 populi
746 2170 798 2195 ex
833 2154 882 2194 iis
922 2155 991 2209 qui
1028 2156 1219 2196 consules
1258 2156 1422 2195 fuerant
1459 2159 1684 2205 crearetur,

96 2224 242 2266 statim
273 2222 444 2263 comitia
474 2221 629 2270 habita,
666 2225 913 2274 creatusque
946 2224 1037 2260 erat
1076 2220 1126 2261 L.
1160 2220 1374 2262 Domitius
1409 2220 1687 2261 Aenobarbus

97 2288 322 2344 quaesitor.
384 2286 574 2327 Aliorum
596 2299 761 2340 quoque
785 2284 977 2339 judicum
1004 2284 1074 2339 qui
1096 2285 1146 2326 de
1169 2300 1217 2326 ea
1238 2300 1282 2326 re
1299 2285 1539 2339 judicarent
1562 2284 1686 2325 Pom-

97 2400 266 2440 capitales’
295 2410 376 2430 were
413 2409 527 2438 among
563 2399 619 2428 the
650 2398 868 2437 ‘magistratus

98 2442 256 2473 minores.'
301 2443 369 2473 The
390 2443 488 2482 origin
505 2442 539 2471 of
552 2443 605 2471 the
621 2442 709 2471 office
724 2443 749 2471 is
766 2441 869 2471 stated

98 2486 140 2525 by
157 2486 235 2525 Livy
253 2484 352 2525 (Epit.
373 2485 437 2526 11).
482 2485 578 2514 Their
600 2485 702 2514 duties
727 2494 866 2523 compre-

98 2528 220 2558 hended
246 2533 374 2558 matters
398 2528 432 2557 of
454 2528 565 2567 police,
589 2527 666 2557 both
691 2527 869 2566 preventive

99 2571 160 2600 and
177 2571 278 2609 penal.
316 2571 405 2610 They
421 2571 482 2600 had
498 2581 516 2600 a
532 2574 620 2600 court
632 2570 693 2599 and
710 2579 869 2608 summary

96 2614 295 2652 jurisdiction
318 2613 350 2641 in
374 2624 460 2643 some
481 2617 620 2648 matters,
645 2613 707 2642 like
729 2623 747 2641 a
769 2612 870 2651 police

101 2657 290 2694 magistrate.
335 2656 411 2684 This
427 2666 554 2694 passage
578 2656 679 2685 shows
703 2655 787 2683 what
810 2664 870 2683 one

101 2699 137 2728 of
149 2699 229 2728 their
241 2698 399 2727 funetions
416 2709 486 2727 was.
516 2699 605 2735 They
621 2708 673 2727 are
690 2697 869 2726 mentioned

100 2742 132 2770 in
157 2742 211 2771 the
237 2741 296 2769 Pro
322 2740 476 2775 Cluentio,
505 2751 531 2770 e.
560 2742 608 2776 13,
634 2740 696 2769 and
718 2741 751 2769 in
777 2749 871 2778 many

101 2784 190 2813 other
206 2792 360 2822 passages

145 2825 313 2864 invidiam]
364 2825 460 2854 Halm
492 2825 592 2853 writes
619 2824 669 2853 ‘in
701 2824 872 2854 invidiam!

102 2869 201 2898 Orelli
238 2870 380 2906 suggests
411 2867 577 2895 ‘invidiam
607 2867 700 2896 etiam
731 2867 872 2897 fecerunt

102 2910 321 2941 Cicer‹›11i.‘—-‘
335 2910 490 2939 dicturum
529 2919 653 2948 qnoque
682 2909 796 2939 diein:y
821 2920 872 2939 see

103 2965 128 2984 c.
144 2955 193 2991 14,
211 2954 323 2983 “diem
342 2953 428 2989 mihi⁷
444 2951 546 2988 credo,
564 2951 717 2981 dixerat.”
756 2956 763 2968 ⁴
779 2953 870 2981 Diem

912 2398 1037 2434 dicere‚’
1062 2401 1069 2416 ‘
1081 2401 1114 2428 to
1140 2399 1209 2437 give
1231 2408 1250 2428 a
1269 2408 1344 2428 man
1367 2398 1472 2428 notice
1492 2397 1527 2428 of
1543 2396 1638 2435 trial,'
1654 2400 1688 2428 to

912 2442 1004 2480 bring
1020 2442 1085 2471 him
1102 2441 1208 2470 before
1223 2441 1278 2471 the
1294 2443 1392 2470 court.

957 2484 1131 2523 quaesitor]
1161 2484 1208 2523 By
1219 2485 1281 2513 this
1293 2484 1358 2513 Lex
1369 2483 1424 2513 the
1441 2485 1448 2499 ‘
1457 2482 1615 2522 quaesitor
1628 2481 1636 2496 '
1652 2492 1689 2512 or

914 2527 1073 2566 presiding
1085 2527 1182 2565 jndge
1197 2529 1230 2556 at
1253 2527 1307 2556 the
1330 2526 1402 2555 trial
1428 2536 1489 2555 was
1514 2525 1631 2555 chosen
1646 2525 1688 2564 by

916 2570 968 2600 the
985 2570 1105 2608 pcople.
1151 2569 1219 2598 The
1241 2573 1248 2586 ⁶
1263 2569 1454 2608 quaesitores
1466 2568 1473 2581 ’
1499 2578 1578 2597 were
1593 2577 1688 2607 gene-

912 2613 991 2651 rally
1017 2612 1072 2642 the
1100 2612 1302 2650 ‘praetores’
1334 2611 1391 2640 but
1420 2611 1509 2640 there
1540 2620 1620 2640 were
1646 2619 1688 2639 no

914 2658 1087 2694 ‘praetores
1096 2654 1103 2667 '
1112 2664 1190 2690 now,
1203 2654 1251 2683 for
1258 2654 1547 2693 tbeyliadnotbeen
1557 2652 1685 2682 elected.

914 2698 982 2727 The
1007 2698 1156 2726 ‘aliorum
1179 2697 1340 2733 judicum'
1365 2707 1417 2725 are
1442 2696 1496 2724 the
1527 2695 1685 2733 ‘judices‚'

916 2740 970 2769 the
982 2740 1066 2778 jury,
1090 2750 1124 2768 so
1140 2739 1239 2768 called
1255 2750 1288 2768 as
1307 2739 1444 2777 opposed
1464 2742 1497 2766 to
1513 2738 1566 2766 the
1579 2736 1685 2775 jurlge.

916 2783 985 2812 who
1012 2792 1073 2811 was
1102 2782 1168 2811 also
1198 2782 1295 2811 called
1326 2782 1439 2819 ‘judex
1467 2779 1656 2818 quaestionis
1669 2779 1687 2815 3’

917 2825 977 2854 and
1007 2825 1174 2863 Pompeius
1212 2823 1405 2854 determined
1440 2822 1494 2852 the
1526 2821 1663 2859 ‘judiees
1677 2821 1685 2835 '

919 2866 1124 2906 (proposuit).
1170 2867 1297 2897 Instead
1314 2866 1350 2896 of
1376 2863 1495 2901 ‘tales,’
1514 2864 1607 2894 Halm
1630 2864 1687 2894 has

917 2912 924 2926 ‘
937 2910 997 2940 tale
1013 2909 1200 2941 eonsilium!
