<?xml version="1.0" encoding="UTF-8"?>
<!DOCTYPE html PUBLIC "-//W3C//DTD XHTML 1.0 Transitional//EN"
    "http://www.w3.org/TR/xhtml1/DTD/xhtml1-transitional.dtd">
<html xmlns="http://www.w3.org/1999/xhtml" xml:lang="en" lang="en">
 <head>
  <title>
</title>
<meta http-equiv="Content-Type" content="text/html;charset=utf-8" />
  <meta name='ocr-system' content='tesseract 3.04.00' />
  <meta name='ocr-capabilities' content='ocr_page ocr_carea ocr_par ocr_line ocrx_word'/>
</head>
<body>
  <div class='ocr_page' id='page_1' title='image "./orationeswithcom04ciceuoft/orationeswithcom04ciceuoft_0700.png"; bbox 0 0 1816 3211; ppageno 0'>
   <div class='ocr_carea' id='block_1_1' title="bbox 91 175 1432 221">
    <p class='ocr_par' dir='ltr' id='par_1_1' title="bbox 91 175 1432 221">
     <span class='ocr_line' id='line_1_1' title="bbox 91 175 1432 221; baseline -0.003 -2"><span class='ocrx_word' id='word_1_1' title='bbox 91 178 172 221; x_wconf 87' lang='grc'><strong>678</strong></span> <span class='ocrx_word' id='word_1_2' title='bbox 309 177 488 219; x_wconf 80' lang='lat' dir='ltr'><strong>ORAT.</strong></span> <span class='ocrx_word' id='word_1_3' title='bbox 522 175 1038 219; x_wconf 83' lang='lat' dir='ltr'><strong>PHILIPPIOARUM</strong></span> <span class='ocrx_word' id='word_1_4' title='bbox 1074 175 1261 216; x_wconf 83' lang='lat' dir='ltr'>LIBER</span> <span class='ocrx_word' id='word_1_5' title='bbox 1292 175 1432 216; x_wconf 87' lang='lat' dir='ltr'><strong>XIII.</strong></span> 
     </span>
    </p>
   </div>
   <div class='ocr_carea' id='block_1_2' title="bbox 85 287 1686 2286">
    <p class='ocr_par' dir='ltr' id='par_1_2' title="bbox 85 287 1686 2286">
     <span class='ocr_line' id='line_1_2' title="bbox 148 287 1680 346; baseline -0.003 -15"><span class='ocrx_word' id='word_1_6' title='bbox 148 290 283 332; x_wconf 89' lang='lat' dir='ltr'><strong>VIII.</strong></span> <span class='ocrx_word' id='word_1_7' title='bbox 316 291 379 332; x_wconf 92' lang='lat' dir='ltr'><strong>At</strong></span> <span class='ocrx_word' id='word_1_8' title='bbox 404 290 631 346; x_wconf 88' lang='lat' dir='ltr'><strong>periculum</strong></span> <span class='ocrx_word' id='word_1_9' title='bbox 660 296 727 333; x_wconf 86' lang='lat' dir='ltr'><strong>est</strong></span> <span class='ocrx_word' id='word_1_10' title='bbox 747 305 799 331; x_wconf 93' lang='lat' dir='ltr'><strong>ne</strong></span> <span class='ocrx_word' id='word_1_11' title='bbox 822 290 1118 345; x_wconf 82' lang='lat' dir='ltr'><strong>opprimamur.</strong></span> <span class='ocrx_word' id='word_1_12' title='bbox 1179 287 1275 328; x_wconf 92' lang='lat' dir='ltr'><strong>Non</strong></span> <span class='ocrx_word' id='word_1_13' title='bbox 1304 292 1446 328; x_wconf 86' lang='lat' dir='ltr'><strong>metuo</strong></span> <span class='ocrx_word' id='word_1_14' title='bbox 1467 301 1518 327; x_wconf 88' lang='lat' dir='ltr'><strong>ne</strong></span> <span class='ocrx_word' id='word_1_15' title='bbox 1540 287 1586 337; x_wconf 90' lang='lat' dir='ltr'><strong>is,</strong></span> <span class='ocrx_word' id='word_1_16' title='bbox 1610 287 1680 342; x_wconf 88' lang='lat' dir='ltr'><strong>qui</strong></span> 
     </span>
     <span class='ocr_line' id='line_1_3' title="bbox 88 352 1679 411; baseline -0.003 -15"><span class='ocrx_word' id='word_1_17' title='bbox 88 355 174 396; x_wconf 90' lang='lat' dir='ltr'><strong>suis</strong></span> <span class='ocrx_word' id='word_1_18' title='bbox 204 355 470 411; x_wconf 84' lang='lat' dir='ltr'><strong>amplissimis</strong></span> <span class='ocrx_word' id='word_1_19' title='bbox 498 355 677 397; x_wconf 89' lang='lat' dir='ltr'><strong>fortunis</strong></span> <span class='ocrx_word' id='word_1_20' title='bbox 707 355 786 395; x_wconf 90' lang='lat' dir='ltr'><strong>nisi</strong></span> <span class='ocrx_word' id='word_1_21' title='bbox 817 355 936 394; x_wconf 89' lang='lat' dir='ltr'><strong>nobis</strong></span> <span class='ocrx_word' id='word_1_22' title='bbox 966 353 1091 394; x_wconf 85' lang='lat' dir='ltr'><strong>salvis</strong></span> <span class='ocrx_word' id='word_1_23' title='bbox 1124 352 1205 392; x_wconf 88' lang='lat' dir='ltr'><strong>frui</strong></span> <span class='ocrx_word' id='word_1_24' title='bbox 1236 366 1318 392; x_wconf 87' lang='lat' dir='ltr'><strong>non</strong></span> <span class='ocrx_word' id='word_1_25' title='bbox 1348 356 1503 406; x_wconf 83' lang='lat' dir='ltr'><strong>potest,</strong></span> <span class='ocrx_word' id='word_1_26' title='bbox 1526 353 1679 406; x_wconf 87' lang='lat' dir='ltr'><strong>prodat</strong></span> 
     </span>
     <span class='ocr_line' id='line_1_4' title="bbox 88 416 1679 473; baseline -0.003 -12"><span class='ocrx_word' id='word_1_27' title='bbox 88 420 265 461; x_wconf 87' lang='lat' dir='ltr'><strong>salutem</strong></span> <span class='ocrx_word' id='word_1_28' title='bbox 286 435 416 461; x_wconf 87' lang='lat' dir='ltr'><strong>suam.</strong></span> <span class='ocrx_word' id='word_1_29' title='bbox 479 420 619 460; x_wconf 87' lang='lat' dir='ltr'><strong>Bonos</strong></span> <span class='ocrx_word' id='word_1_30' title='bbox 640 420 751 460; x_wconf 88' lang='lat' dir='ltr'><strong>cives</strong></span> <span class='ocrx_word' id='word_1_31' title='bbox 779 418 957 473; x_wconf 89' lang='lat' dir='ltr'><strong>primum</strong></span> <span class='ocrx_word' id='word_1_32' title='bbox 986 422 1137 458; x_wconf 85' lang='lat' dir='ltr'><strong>natura</strong></span> <span class='ocrx_word' id='word_1_33' title='bbox 1164 416 1302 465; x_wconf 89' lang='lat' dir='ltr'><strong>efficit,</strong></span> <span class='ocrx_word' id='word_1_34' title='bbox 1326 416 1499 470; x_wconf 87' lang='lat' dir='ltr'><strong>adjuvat</strong></span> <span class='ocrx_word' id='word_1_35' title='bbox 1532 416 1679 457; x_wconf 87' lang='lat' dir='ltr'><strong>deinde</strong></span> 
     </span>
     <span class='ocr_line' id='line_1_5' title="bbox 86 480 1677 536; baseline -0.003 -11"><span class='ocrx_word' id='word_1_36' title='bbox 86 485 277 531; x_wconf 84' lang='lat' dir='ltr'><strong>fortuna;</strong></span> <span class='ocrx_word' id='word_1_37' title='bbox 313 485 503 525; x_wconf 90' lang='lat' dir='ltr'><strong>omnibus</strong></span> <span class='ocrx_word' id='word_1_38' title='bbox 536 485 644 524; x_wconf 88' lang='lat' dir='ltr'><strong>enim</strong></span> <span class='ocrx_word' id='word_1_39' title='bbox 680 483 801 523; x_wconf 89' lang='lat' dir='ltr'><strong>bonis</strong></span> <span class='ocrx_word' id='word_1_40' title='bbox 836 482 1007 536; x_wconf 86' lang='lat' dir='ltr'><strong>expedit</strong></span> <span class='ocrx_word' id='word_1_41' title='bbox 1040 482 1195 522; x_wconf 88' lang='lat' dir='ltr'><strong>salvam</strong></span> <span class='ocrx_word' id='word_1_42' title='bbox 1228 495 1317 522; x_wconf 89' lang='lat' dir='ltr'><strong>esse</strong></span> <span class='ocrx_word' id='word_1_43' title='bbox 1350 495 1438 521; x_wconf 87' lang='lat' dir='ltr'><strong>rem</strong></span> <span class='ocrx_word' id='word_1_44' title='bbox 1459 480 1677 534; x_wconf 81' lang='lat' dir='ltr'><strong>publicam,</strong></span> 
     </span>
     <span class='ocr_line' id='line_1_6' title="bbox 87 545 1682 603; baseline -0.004 -13"><span class='ocrx_word' id='word_1_45' title='bbox 87 550 223 591; x_wconf 91' lang='lat' dir='ltr'><strong>sedin</strong></span> <span class='ocrx_word' id='word_1_46' title='bbox 254 550 303 589; x_wconf 90' lang='lat' dir='ltr'><strong>iis</strong></span> <span class='ocrx_word' id='word_1_47' title='bbox 333 549 401 603; x_wconf 91' lang='lat' dir='ltr'><strong>qui</strong></span> <span class='ocrx_word' id='word_1_48' title='bbox 434 548 636 590; x_wconf 87' lang='lat' dir='ltr'><strong>fortunati</strong></span> <span class='ocrx_word' id='word_1_49' title='bbox 672 553 770 588; x_wconf 90' lang='lat' dir='ltr'><strong>sunt</strong></span> <span class='ocrx_word' id='word_1_50' title='bbox 804 547 940 601; x_wconf 81' lang='lat' dir='ltr'><strong>magis</strong></span> <span class='ocrx_word' id='word_1_51' title='bbox 971 547 1012 586; x_wconf 87' lang='lat' dir='ltr'><strong>id</strong></span> <span class='ocrx_word' id='word_1_52' title='bbox 1043 552 1231 601; x_wconf 85' lang='lat' dir='ltr'><strong>apparet.</strong></span> <span class='ocrx_word' id='word_1_53' title='bbox 1293 545 1397 598; x_wconf 75' lang='lat' dir='ltr'><strong>Quis</strong></span> <span class='ocrx_word' id='word_1_54' title='bbox 1431 545 1682 586; x_wconf 80' lang='lat' dir='ltr'><strong>fortunatior</strong></span> 
     </span>
     <span class='ocr_line' id='line_1_7' title="bbox 90 609 1682 668; baseline -0.003 -14"><span class='ocrx_word' id='word_1_55' title='bbox 90 614 260 668; x_wconf 88' lang='lat' dir='ltr'><strong>Lepido,</strong></span> <span class='ocrx_word' id='word_1_56' title='bbox 284 618 333 654; x_wconf 95' lang='lat' dir='ltr'><strong>ut</strong></span> <span class='ocrx_word' id='word_1_57' title='bbox 363 618 461 653; x_wconf 76' lang='lat' dir='ltr'><strong>ante</strong></span> <span class='ocrx_word' id='word_1_58' title='bbox 490 613 587 663; x_wconf 84' lang='lat' dir='ltr'><strong>dixi,</strong></span> <span class='ocrx_word' id='word_1_59' title='bbox 621 612 713 667; x_wconf 89' lang='lat' dir='ltr'><strong>quis</strong></span> <span class='ocrx_word' id='word_1_60' title='bbox 741 613 887 653; x_wconf 89' lang='lat' dir='ltr'><strong>eodem</strong></span> <span class='ocrx_word' id='word_1_61' title='bbox 919 612 1084 652; x_wconf 65' lang='lat' dir='ltr'><strong>sanior?</strong></span> <span class='ocrx_word' id='word_1_62' title='bbox 1146 610 1267 652; x_wconf 89' lang='lat' dir='ltr'><strong>Vidit</strong></span> <span class='ocrx_word' id='word_1_63' title='bbox 1303 611 1395 665; x_wconf 89' lang='lat' dir='ltr'><strong>ejus</strong></span> <span class='ocrx_word' id='word_1_64' title='bbox 1428 609 1682 651; x_wconf 87' lang='lat' dir='ltr'><strong>maestitiam</strong></span> 
     </span>
     <span class='ocr_line' id='line_1_8' title="bbox 85 675 1681 734; baseline -0.003 -15"><span class='ocrx_word' id='word_1_65' title='bbox 85 684 211 734; x_wconf 86' lang='lat' dir='ltr'><strong>atquo</strong></span> <span class='ocrx_word' id='word_1_66' title='bbox 238 678 431 719; x_wconf 82' lang='lat' dir='ltr'><strong>lacrimas</strong></span> <span class='ocrx_word' id='word_1_67' title='bbox 461 679 637 733; x_wconf 89' lang='lat' dir='ltr'><strong>populus</strong></span> <span class='ocrx_word' id='word_1_68' title='bbox 667 678 881 718; x_wconf 89' lang='lat' dir='ltr'><strong>Romanus</strong></span> <span class='ocrx_word' id='word_1_69' title='bbox 907 677 1231 731; x_wconf 77' lang='lat' dir='ltr'><strong>Lupercalibus3</strong></span> <span class='ocrx_word' id='word_1_70' title='bbox 1265 676 1369 717; x_wconf 87' lang='lat' dir='ltr'><strong>vidit</strong></span> <span class='ocrx_word' id='word_1_71' title='bbox 1400 690 1523 730; x_wconf 83' lang='lat' dir='ltr'><strong>quarn</strong></span> <span class='ocrx_word' id='word_1_72' title='bbox 1545 675 1681 729; x_wconf 88' lang='lat' dir='ltr'><strong>abjec-</strong></span> 
     </span>
     <span class='ocr_line' id='line_1_9' title="bbox 86 741 1682 798; baseline -0.003 -14"><span class='ocrx_word' id='word_1_73' title='bbox 86 748 167 793; x_wconf 80' lang='lat' dir='ltr'><strong>tus,</strong></span> <span class='ocrx_word' id='word_1_74' title='bbox 188 758 312 798; x_wconf 88' lang='lat' dir='ltr'><strong>quam</strong></span> <span class='ocrx_word' id='word_1_75' title='bbox 343 743 559 784; x_wconf 83' lang='lat' dir='ltr'><strong>confectus</strong></span> <span class='ocrx_word' id='word_1_76' title='bbox 589 748 714 791; x_wconf 89' lang='lat' dir='ltr'><strong>esset,</strong></span> <span class='ocrx_word' id='word_1_77' title='bbox 738 757 864 797; x_wconf 89' lang='lat' dir='ltr'><strong>quum</strong></span> <span class='ocrx_word' id='word_1_78' title='bbox 887 741 1057 782; x_wconf 83' lang='lat' dir='ltr'><strong>Caesari</strong></span> <span class='ocrx_word' id='word_1_79' title='bbox 1088 741 1279 781; x_wconf 91' lang='lat' dir='ltr'><strong>diadema</strong></span> <span class='ocrx_word' id='word_1_80' title='bbox 1309 741 1524 796; x_wconf 90' lang='lat' dir='ltr'><strong>imponens</strong></span> <span class='ocrx_word' id='word_1_81' title='bbox 1546 741 1682 780; x_wconf 83' lang='lat' dir='ltr'><strong>Anto-</strong></span> 
     </span>
     <span class='ocr_line' id='line_1_10' title="bbox 86 804 1683 862; baseline -0.002 -14"><span class='ocrx_word' id='word_1_82' title='bbox 86 807 180 848; x_wconf 92' lang='lat' dir='ltr'><strong>nius</strong></span> <span class='ocrx_word' id='word_1_83' title='bbox 199 822 363 848; x_wconf 89' lang='lat' dir='ltr'><strong>servum</strong></span> <span class='ocrx_word' id='word_1_84' title='bbox 384 822 428 848; x_wconf 91' lang='lat' dir='ltr'><strong>se</strong></span> <span class='ocrx_word' id='word_1_85' title='bbox 450 807 558 862; x_wconf 82' lang='lat' dir='ltr'><strong>illius</strong></span> <span class='ocrx_word' id='word_1_86' title='bbox 590 822 713 862; x_wconf 90' lang='lat' dir='ltr'><strong>quam</strong></span> <span class='ocrx_word' id='word_1_87' title='bbox 744 807 947 861; x_wconf 83' lang='lat' dir='ltr'><strong>collegam</strong></span> <span class='ocrx_word' id='word_1_88' title='bbox 978 821 1068 847; x_wconf 88' lang='lat' dir='ltr'><strong>esse</strong></span> <span class='ocrx_word' id='word_1_89' title='bbox 1101 806 1296 847; x_wconf 89' lang='lat' dir='ltr'><strong>malebat.</strong></span> <span class='ocrx_word' id='word_1_90' title='bbox 1359 806 1438 858; x_wconf 76' lang='lat' dir='ltr'><strong>Qui</strong></span> <span class='ocrx_word' id='word_1_91' title='bbox 1459 806 1493 846; x_wconf 92' lang='lat' dir='ltr'><strong>si</strong></span> <span class='ocrx_word' id='word_1_92' title='bbox 1515 804 1683 859; x_wconf 84' lang='lat' dir='ltr'><strong>reliquis</strong></span> 
     </span>
     <span class='ocr_line' id='line_1_11' title="bbox 87 870 1682 926; baseline -0.003 -13"><span class='ocrx_word' id='word_1_93' title='bbox 87 872 260 926; x_wconf 81' lang='lat' dir='ltr'><strong>flagitiis</strong></span> <span class='ocrx_word' id='word_1_94' title='bbox 287 878 331 913; x_wconf 91' lang='lat' dir='ltr'><strong>et</strong></span> <span class='ocrx_word' id='word_1_95' title='bbox 360 872 586 913; x_wconf 81' lang='lat' dir='ltr'><strong>sceleribus</strong></span> <span class='ocrx_word' id='word_1_96' title='bbox 617 887 661 912; x_wconf 91' lang='lat' dir='ltr'><strong>se</strong></span> <span class='ocrx_word' id='word_1_97' title='bbox 692 872 904 912; x_wconf 87' lang='lat' dir='ltr'><strong>abstinere</strong></span> <span class='ocrx_word' id='word_1_98' title='bbox 938 871 1159 926; x_wconf 87' lang='lat' dir='ltr'><strong>potuisset,</strong></span> <span class='ocrx_word' id='word_1_99' title='bbox 1185 877 1325 912; x_wconf 89' lang='lat' dir='ltr'><strong>tamen</strong></span> <span class='ocrx_word' id='word_1_100' title='bbox 1356 885 1486 910; x_wconf 90' lang='lat' dir='ltr'><strong>unum</strong></span> <span class='ocrx_word' id='word_1_101' title='bbox 1518 871 1571 910; x_wconf 89' lang='lat' dir='ltr'><strong>ob</strong></span> <span class='ocrx_word' id='word_1_102' title='bbox 1604 870 1682 910; x_wconf 91' lang='lat' dir='ltr'><strong>hoc</strong></span> 
     </span>
     <span class='ocr_line' id='line_1_12' title="bbox 87 934 1683 991; baseline -0.002 -14"><span class='ocrx_word' id='word_1_103' title='bbox 87 937 245 978; x_wconf 86' lang='lat' dir='ltr'><strong>factum</strong></span> <span class='ocrx_word' id='word_1_104' title='bbox 282 936 453 991; x_wconf 74' lang='lat' dir='ltr'><strong>dignum</strong></span> <span class='ocrx_word' id='word_1_105' title='bbox 484 936 597 977; x_wconf 89' lang='lat' dir='ltr'><strong>illum</strong></span> <span class='ocrx_word' id='word_1_106' title='bbox 630 936 742 977; x_wconf 92' lang='lat' dir='ltr'><strong>omni</strong></span> <span class='ocrx_word' id='word_1_107' title='bbox 774 951 908 990; x_wconf 90' lang='lat' dir='ltr'><strong>poena</strong></span> <span class='ocrx_word' id='word_1_108' title='bbox 940 941 1145 991; x_wconf 86' lang='lat' dir='ltr'><strong>putarem.</strong></span> <span class='ocrx_word' id='word_1_109' title='bbox 1209 936 1317 976; x_wconf 89' lang='lat' dir='ltr'><strong>Nam</strong></span> <span class='ocrx_word' id='word_1_110' title='bbox 1345 935 1379 976; x_wconf 89' lang='lat' dir='ltr'><strong>si</strong></span> <span class='ocrx_word' id='word_1_111' title='bbox 1408 936 1496 990; x_wconf 90' lang='lat' dir='ltr'><strong>ipse</strong></span> <span class='ocrx_word' id='word_1_112' title='bbox 1529 934 1683 975; x_wconf 90' lang='lat' dir='ltr'><strong>servire</strong></span> 
     </span>
     <span class='ocr_line' id='line_1_13' title="bbox 87 1000 1682 1056; baseline -0.001 -15"><span class='ocrx_word' id='word_1_113' title='bbox 87 1006 267 1056; x_wconf 89' lang='lat' dir='ltr'><strong>poterat,</strong></span> <span class='ocrx_word' id='word_1_114' title='bbox 291 1001 411 1041; x_wconf 89' lang='lat' dir='ltr'><strong>nobis</strong></span> <span class='ocrx_word' id='word_1_115' title='bbox 443 1001 653 1041; x_wconf 90' lang='lat' dir='ltr'><strong>dominum</strong></span> <span class='ocrx_word' id='word_1_116' title='bbox 685 1015 758 1041; x_wconf 91' lang='lat' dir='ltr'><strong>cur</strong></span> <span class='ocrx_word' id='word_1_117' title='bbox 789 1001 1060 1055; x_wconf 66' lang='lat' dir='ltr'><strong>imponebat?</strong></span> <span class='ocrx_word' id='word_1_118' title='bbox 1091 1005 1134 1041; x_wconf 90' lang='lat' dir='ltr'><strong>et</strong></span> <span class='ocrx_word' id='word_1_119' title='bbox 1156 1000 1190 1040; x_wconf 88' lang='lat' dir='ltr'><strong>si</strong></span> <span class='ocrx_word' id='word_1_120' title='bbox 1211 1001 1302 1055; x_wconf 89' lang='lat' dir='ltr'><strong>ejus</strong></span> <span class='ocrx_word' id='word_1_121' title='bbox 1332 1000 1511 1055; x_wconf 87' lang='lat' dir='ltr'><strong>pueritia</strong></span> <span class='ocrx_word' id='word_1_122' title='bbox 1541 1008 1682 1055; x_wconf 86' lang='lat' dir='ltr'><strong>pertu-</strong></span> 
     </span>
     <span class='ocr_line' id='line_1_14' title="bbox 88 1064 1683 1120; baseline 0.001 -16"><span class='ocrx_word' id='word_1_123' title='bbox 88 1064 197 1106; x_wconf 91' lang='lat' dir='ltr'><strong>lerat</strong></span> <span class='ocrx_word' id='word_1_124' title='bbox 216 1065 410 1106; x_wconf 87' lang='lat' dir='ltr'><strong>libidines</strong></span> <span class='ocrx_word' id='word_1_125' title='bbox 444 1080 599 1115; x_wconf 85' lang='lat' dir='ltr'><strong>eorum,</strong></span> <span class='ocrx_word' id='word_1_126' title='bbox 623 1065 693 1120; x_wconf 90' lang='lat' dir='ltr'><strong>qui</strong></span> <span class='ocrx_word' id='word_1_127' title='bbox 715 1070 836 1106; x_wconf 90' lang='lat' dir='ltr'><strong>erant</strong></span> <span class='ocrx_word' id='word_1_128' title='bbox 858 1065 899 1105; x_wconf 92' lang='lat' dir='ltr'><strong>in</strong></span> <span class='ocrx_word' id='word_1_129' title='bbox 921 1080 1015 1105; x_wconf 90' lang='lat' dir='ltr'><strong>eum</strong></span> <span class='ocrx_word' id='word_1_130' title='bbox 1043 1065 1221 1119; x_wconf 86' lang='lat' dir='ltr'><strong>tyranni,</strong></span> <span class='ocrx_word' id='word_1_131' title='bbox 1250 1065 1430 1106; x_wconf 89' lang='lat' dir='ltr'><strong>etiamne</strong></span> <span class='ocrx_word' id='word_1_132' title='bbox 1452 1065 1494 1104; x_wconf 90' lang='lat' dir='ltr'><strong>in</strong></span> <span class='ocrx_word' id='word_1_133' title='bbox 1515 1070 1683 1105; x_wconf 88' lang='lat' dir='ltr'><strong>nostros</strong></span> 
     </span>
     <span class='ocr_line' id='line_1_15' title="bbox 86 1129 1681 1185; baseline -0.001 -15"><span class='ocrx_word' id='word_1_134' title='bbox 86 1130 240 1172; x_wconf 93' lang='lat' dir='ltr'><strong>liberos</strong></span> <span class='ocrx_word' id='word_1_135' title='bbox 261 1131 473 1171; x_wconf 88' lang='lat' dir='ltr'><strong>dominum</strong></span> <span class='ocrx_word' id='word_1_136' title='bbox 494 1136 538 1172; x_wconf 91' lang='lat' dir='ltr'><strong>et</strong></span> <span class='ocrx_word' id='word_1_137' title='bbox 558 1135 783 1184; x_wconf 88' lang='lat' dir='ltr'><strong>tyrannum</strong></span> <span class='ocrx_word' id='word_1_138' title='bbox 813 1131 1110 1184; x_wconf 68' lang='lat' dir='ltr'><strong>comparabat?</strong></span> <span class='ocrx_word' id='word_1_139' title='bbox 1172 1130 1322 1185; x_wconf 91' lang='lat' dir='ltr'><strong>Itaque</strong></span> <span class='ocrx_word' id='word_1_140' title='bbox 1350 1129 1418 1170; x_wconf 94' lang='lat' dir='ltr'><strong>illo</strong></span> <span class='ocrx_word' id='word_1_141' title='bbox 1447 1129 1681 1177; x_wconf 87' lang='lat' dir='ltr'><strong>interfecto,</strong></span> 
     </span>
     <span class='ocr_line' id='line_1_16' title="bbox 87 1194 1684 1250; baseline 0 -15"><span class='ocrx_word' id='word_1_142' title='bbox 87 1196 251 1250; x_wconf 89' lang='lat' dir='ltr'><strong>qualem</strong></span> <span class='ocrx_word' id='word_1_143' title='bbox 281 1195 437 1235; x_wconf 90' lang='lat' dir='ltr'><strong>eumin</strong></span> <span class='ocrx_word' id='word_1_144' title='bbox 458 1210 536 1236; x_wconf 89' lang='lat' dir='ltr'><strong>nos</strong></span> <span class='ocrx_word' id='word_1_145' title='bbox 564 1210 655 1236; x_wconf 89' lang='lat' dir='ltr'><strong>esse</strong></span> <span class='ocrx_word' id='word_1_146' title='bbox 678 1195 818 1245; x_wconf 89' lang='lat' dir='ltr'><strong>voluit,</strong></span> <span class='ocrx_word' id='word_1_147' title='bbox 854 1195 948 1235; x_wconf 87' lang='lat' dir='ltr'><strong>talis</strong></span> <span class='ocrx_word' id='word_1_148' title='bbox 980 1195 1067 1250; x_wconf 92' lang='lat' dir='ltr'><strong>ipse</strong></span> <span class='ocrx_word' id='word_1_149' title='bbox 1087 1195 1129 1235; x_wconf 93' lang='lat' dir='ltr'><strong>in</strong></span> <span class='ocrx_word' id='word_1_150' title='bbox 1152 1200 1315 1236; x_wconf 88' lang='lat' dir='ltr'><strong>ceteros</strong></span> <span class='ocrx_word' id='word_1_151' title='bbox 1351 1194 1529 1236; x_wconf 86' lang='lat' dir='ltr'><strong>exstitit.</strong></span> <span class='ocrx_word' id='word_1_152' title='bbox 1591 1194 1684 1246; x_wconf 73' lang='lat' dir='ltr'><strong>Qua</strong></span> 
     </span>
     <span class='ocr_line' id='line_1_17' title="bbox 88 1259 1684 1315; baseline -0.001 -14"><span class='ocrx_word' id='word_1_153' title='bbox 88 1260 198 1301; x_wconf 90' lang='lat' dir='ltr'><strong>enim</strong></span> <span class='ocrx_word' id='word_1_154' title='bbox 218 1260 260 1300; x_wconf 92' lang='lat' dir='ltr'><strong>in</strong></span> <span class='ocrx_word' id='word_1_155' title='bbox 281 1260 474 1300; x_wconf 90' lang='lat' dir='ltr'><strong>barbaria</strong></span> <span class='ocrx_word' id='word_1_156' title='bbox 495 1260 711 1315; x_wconf 90' lang='lat' dir='ltr'><strong>quisquam</strong></span> <span class='ocrx_word' id='word_1_157' title='bbox 731 1265 819 1301; x_wconf 89' lang='lat' dir='ltr'><strong>tam</strong></span> <span class='ocrx_word' id='word_1_158' title='bbox 840 1265 988 1309; x_wconf 85' lang='lat' dir='ltr'><strong>taeter,</strong></span> <span class='ocrx_word' id='word_1_159' title='bbox 1014 1265 1101 1301; x_wconf 90' lang='lat' dir='ltr'><strong>tam</strong></span> <span class='ocrx_word' id='word_1_160' title='bbox 1123 1259 1302 1301; x_wconf 90' lang='lat' dir='ltr'><strong>crudelis</strong></span> <span class='ocrx_word' id='word_1_161' title='bbox 1322 1264 1537 1314; x_wconf 89' lang='lat' dir='ltr'><strong>tyrannus,</strong></span> <span class='ocrx_word' id='word_1_162' title='bbox 1560 1273 1684 1313; x_wconf 91' lang='lat' dir='ltr'><strong>quam</strong></span> 
     </span>
     <span class='ocr_line' id='line_1_18' title="bbox 86 1323 1684 1379; baseline 0 -15"><span class='ocrx_word' id='word_1_163' title='bbox 86 1324 128 1364; x_wconf 87' lang='lat' dir='ltr'><strong>in</strong></span> <span class='ocrx_word' id='word_1_164' title='bbox 149 1324 226 1364; x_wconf 89' lang='lat' dir='ltr'><strong>hac</strong></span> <span class='ocrx_word' id='word_1_165' title='bbox 254 1325 355 1365; x_wconf 91' lang='lat' dir='ltr'><strong>urbe</strong></span> <span class='ocrx_word' id='word_1_166' title='bbox 378 1324 506 1365; x_wconf 90' lang='lat' dir='ltr'><strong>armis</strong></span> <span class='ocrx_word' id='word_1_167' title='bbox 535 1325 808 1365; x_wconf 88' lang='lat' dir='ltr'><strong>barbarorum</strong></span> <span class='ocrx_word' id='word_1_168' title='bbox 839 1324 1020 1379; x_wconf 89' lang='lat' dir='ltr'><strong>stipatus</strong></span> <span class='ocrx_word' id='word_1_169' title='bbox 1043 1324 1285 1366; x_wconf 70' lang='lat' dir='ltr'><strong>Antonius?</strong></span> <span class='ocrx_word' id='word_1_170' title='bbox 1347 1323 1524 1365; x_wconf 83' lang='lat' dir='ltr'><strong>Caesare</strong></span> <span class='ocrx_word' id='word_1_171' title='bbox 1555 1323 1684 1364; x_wconf 87' lang='lat' dir='ltr'><strong>domi-</strong></span> 
     </span>
     <span class='ocr_line' id='line_1_19' title="bbox 87 1387 1684 1439; baseline 0 -10"><span class='ocrx_word' id='word_1_172' title='bbox 87 1394 214 1429; x_wconf 85' lang='lat' dir='ltr'><strong>nante</strong></span> <span class='ocrx_word' id='word_1_173' title='bbox 242 1387 506 1429; x_wconf 86' lang='lat' dir='ltr'><strong>veniebamus</strong></span> <span class='ocrx_word' id='word_1_174' title='bbox 538 1388 580 1428; x_wconf 89' lang='lat' dir='ltr'><strong>in</strong></span> <span class='ocrx_word' id='word_1_175' title='bbox 609 1393 815 1439; x_wconf 88' lang='lat' dir='ltr'><strong>senatum,</strong></span> <span class='ocrx_word' id='word_1_176' title='bbox 840 1389 874 1429; x_wconf 91' lang='lat' dir='ltr'><strong>si</strong></span> <span class='ocrx_word' id='word_1_177' title='bbox 902 1403 984 1429; x_wconf 91' lang='lat' dir='ltr'><strong>non</strong></span> <span class='ocrx_word' id='word_1_178' title='bbox 1015 1389 1155 1438; x_wconf 91' lang='lat' dir='ltr'><strong>libere,</strong></span> <span class='ocrx_word' id='word_1_179' title='bbox 1178 1394 1224 1430; x_wconf 89' lang='lat' dir='ltr'><strong>at</strong></span> <span class='ocrx_word' id='word_1_180' title='bbox 1245 1394 1386 1430; x_wconf 89' lang='lat' dir='ltr'><strong>tamen</strong></span> <span class='ocrx_word' id='word_1_181' title='bbox 1415 1394 1524 1430; x_wconf 79' lang='lat' dir='ltr'><strong>tuto,</strong></span> <span class='ocrx_word' id='word_1_182' title='bbox 1588 1388 1684 1429; x_wconf 93' lang='lat' dir='ltr'><strong>Hoc</strong></span> 
     </span>
     <span class='ocr_line' id='line_1_20' title="bbox 87 1453 1684 1509; baseline 0.001 -15"><span class='ocrx_word' id='word_1_183' title='bbox 87 1453 354 1508; x_wconf 86' lang='lat' dir='ltr'><strong>archipirata,</strong></span> <span class='ocrx_word' id='word_1_184' title='bbox 379 1453 479 1509; x_wconf 88' lang='lat' dir='ltr'><strong>quid</strong></span> <span class='ocrx_word' id='word_1_185' title='bbox 509 1453 619 1494; x_wconf 93' lang='lat' dir='ltr'><strong>enim</strong></span> <span class='ocrx_word' id='word_1_186' title='bbox 654 1453 791 1494; x_wconf 89' lang='lat' dir='ltr'><strong>dicam</strong></span> <span class='ocrx_word' id='word_1_187' title='bbox 825 1455 1031 1508; x_wconf 68' lang='lat' dir='ltr'><strong>tyranno?</strong></span> <span class='ocrx_word' id='word_1_188' title='bbox 1061 1455 1164 1495; x_wconf 91' lang='lat' dir='ltr'><strong>haec</strong></span> <span class='ocrx_word' id='word_1_189' title='bbox 1192 1454 1385 1495; x_wconf 90' lang='lat' dir='ltr'><strong>subsellia</strong></span> <span class='ocrx_word' id='word_1_190' title='bbox 1414 1454 1467 1494; x_wconf 89' lang='lat' dir='ltr'><strong>ab</strong></span> <span class='ocrx_word' id='word_1_191' title='bbox 1503 1453 1684 1495; x_wconf 86' lang='lat' dir='ltr'><strong>Ituraeis</strong></span> 
     </span>
     <span class='ocr_line' id='line_1_21' title="bbox 89 1518 1685 1573; baseline 0 -15"><span class='ocrx_word' id='word_1_192' title='bbox 89 1519 415 1573; x_wconf 86' lang='lat' dir='ltr'><strong>occupabantur.</strong></span> <span class='ocrx_word' id='word_1_193' title='bbox 472 1518 673 1573; x_wconf 89' lang='lat' dir='ltr'><strong>Prorupit</strong></span> <span class='ocrx_word' id='word_1_194' title='bbox 704 1518 845 1559; x_wconf 84' lang='lat' dir='ltr'><strong>subito</strong></span> <span class='ocrx_word' id='word_1_195' title='bbox 883 1518 1151 1559; x_wconf 86' lang='lat' dir='ltr'><strong>Brundisium</strong></span> <span class='ocrx_word' id='word_1_196' title='bbox 1182 1524 1231 1559; x_wconf 88' lang='lat' dir='ltr'><strong>ut</strong></span> <span class='ocrx_word' id='word_1_197' title='bbox 1254 1518 1348 1559; x_wconf 89' lang='lat' dir='ltr'><strong>inde</strong></span> <span class='ocrx_word' id='word_1_198' title='bbox 1369 1518 1534 1573; x_wconf 85' lang='lat' dir='ltr'><strong>agmine</strong></span> <span class='ocrx_word' id='word_1_199' title='bbox 1555 1519 1685 1573; x_wconf 91' lang='lat' dir='ltr'><strong>quad-</strong></span> 
     </span>
     <span class='ocr_line' id='line_1_22' title="bbox 89 1583 1685 1639; baseline -0.001 -15"><span class='ocrx_word' id='word_1_200' title='bbox 89 1588 183 1624; x_wconf 86' lang='lat' dir='ltr'><strong>rato</strong></span> <span class='ocrx_word' id='word_1_201' title='bbox 219 1583 273 1624; x_wconf 90' lang='lat' dir='ltr'><strong>ad</strong></span> <span class='ocrx_word' id='word_1_202' title='bbox 309 1584 453 1624; x_wconf 91' lang='lat' dir='ltr'><strong>urbem</strong></span> <span class='ocrx_word' id='word_1_203' title='bbox 501 1584 750 1630; x_wconf 70' lang='lat' dir='ltr'><strong>accederet,</strong></span> <span class='ocrx_word' id='word_1_204' title='bbox 804 1583 1082 1624; x_wconf 89' lang='lat' dir='ltr'><strong>lautissimum</strong></span> <span class='ocrx_word' id='word_1_205' title='bbox 1124 1584 1322 1639; x_wconf 87' lang='lat' dir='ltr'><strong>oppidum</strong></span> <span class='ocrx_word' id='word_1_206' title='bbox 1364 1598 1472 1624; x_wconf 90' lang='lat' dir='ltr'><strong>nunc</strong></span> <span class='ocrx_word' id='word_1_207' title='bbox 1514 1583 1685 1624; x_wconf 91' lang='lat' dir='ltr'><strong>munici-</strong></span> 
     </span>
     <span class='ocr_line' id='line_1_23' title="bbox 89 1648 1685 1703; baseline 0 -15"><span class='ocrx_word' id='word_1_208' title='bbox 89 1663 189 1703; x_wconf 86' lang='lat' dir='ltr'><strong>pum</strong></span> <span class='ocrx_word' id='word_1_209' title='bbox 227 1648 616 1689; x_wconf 88' lang='lat' dir='ltr'><strong>honestissimorum</strong></span> <span class='ocrx_word' id='word_1_210' title='bbox 652 1649 862 1703; x_wconf 88' lang='lat' dir='ltr'><strong>quondam</strong></span> <span class='ocrx_word' id='word_1_211' title='bbox 898 1649 1151 1699; x_wconf 83' lang='lat' dir='ltr'><strong>colonorum,</strong></span> <span class='ocrx_word' id='word_1_212' title='bbox 1192 1649 1401 1698; x_wconf 83' lang='lat' dir='ltr'><strong>Suessam,</strong></span> <span class='ocrx_word' id='word_1_213' title='bbox 1438 1648 1685 1689; x_wconf 89' lang='lat' dir='ltr'><strong>fortissimo-</strong></span> 
     </span>
     <span class='ocr_line' id='line_1_24' title="bbox 89 1712 1684 1767; baseline 0 -15"><span class='ocrx_word' id='word_1_214' title='bbox 89 1728 181 1753; x_wconf 89' lang='lat' dir='ltr'><strong>rum</strong></span> <span class='ocrx_word' id='word_1_215' title='bbox 211 1713 390 1753; x_wconf 90' lang='lat' dir='ltr'><strong>militum</strong></span> <span class='ocrx_word' id='word_1_216' title='bbox 417 1713 619 1767; x_wconf 81' lang='lat' dir='ltr'><strong>sanguine</strong></span> <span class='ocrx_word' id='word_1_217' title='bbox 654 1712 868 1767; x_wconf 88' lang='lat' dir='ltr'><strong>implevit;</strong></span> <span class='ocrx_word' id='word_1_218' title='bbox 904 1713 1115 1754; x_wconf 86' lang='lat' dir='ltr'><strong>Brundisii</strong></span> <span class='ocrx_word' id='word_1_219' title='bbox 1137 1714 1178 1753; x_wconf 88' lang='lat' dir='ltr'><strong>in</strong></span> <span class='ocrx_word' id='word_1_220' title='bbox 1200 1713 1292 1753; x_wconf 91' lang='lat' dir='ltr'><strong>sinu</strong></span> <span class='ocrx_word' id='word_1_221' title='bbox 1323 1727 1405 1753; x_wconf 90' lang='lat' dir='ltr'><strong>non</strong></span> <span class='ocrx_word' id='word_1_222' title='bbox 1436 1713 1558 1753; x_wconf 90' lang='lat' dir='ltr'><strong>modo</strong></span> <span class='ocrx_word' id='word_1_223' title='bbox 1589 1727 1684 1752; x_wconf 90' lang='lat' dir='ltr'><strong>ava-</strong></span> 
     </span>
     <span class='ocr_line' id='line_1_25' title="bbox 89 1776 1684 1832; baseline 0 -15"><span class='ocrx_word' id='word_1_224' title='bbox 89 1777 290 1826; x_wconf 90' lang='lat' dir='ltr'><strong>rissimae,</strong></span> <span class='ocrx_word' id='word_1_225' title='bbox 318 1778 392 1817; x_wconf 91' lang='lat' dir='ltr'><strong>sed</strong></span> <span class='ocrx_word' id='word_1_226' title='bbox 417 1777 546 1817; x_wconf 91' lang='lat' dir='ltr'><strong>etiam</strong></span> <span class='ocrx_word' id='word_1_227' title='bbox 573 1777 883 1817; x_wconf 88' lang='lat' dir='ltr'><strong>crudelissimae</strong></span> <span class='ocrx_word' id='word_1_228' title='bbox 910 1778 1052 1818; x_wconf 90' lang='lat' dir='ltr'><strong>uxoris</strong></span> <span class='ocrx_word' id='word_1_229' title='bbox 1080 1778 1263 1818; x_wconf 90' lang='lat' dir='ltr'><strong>delectos</strong></span> <span class='ocrx_word' id='word_1_230' title='bbox 1297 1777 1478 1818; x_wconf 88' lang='lat' dir='ltr'><strong>Martiae</strong></span> <span class='ocrx_word' id='word_1_231' title='bbox 1509 1776 1684 1832; x_wconf 85' lang='lat' dir='ltr'><strong>legionis</strong></span> 
     </span>
     <span class='ocr_line' id='line_1_26' title="bbox 93 1841 1683 1897; baseline 0 -15"><span class='ocrx_word' id='word_1_232' title='bbox 93 1841 358 1882; x_wconf 88' lang='lat' dir='ltr'><strong>centuriones</strong></span> <span class='ocrx_word' id='word_1_233' title='bbox 384 1841 624 1882; x_wconf 85' lang='lat' dir='ltr'><strong>trucidavit.</strong></span> <span class='ocrx_word' id='word_1_234' title='bbox 687 1841 792 1882; x_wconf 90' lang='lat' dir='ltr'><strong>Inde</strong></span> <span class='ocrx_word' id='word_1_235' title='bbox 814 1856 858 1882; x_wconf 90' lang='lat' dir='ltr'><strong>se</strong></span> <span class='ocrx_word' id='word_1_236' title='bbox 880 1856 960 1896; x_wconf 93' lang='lat' dir='ltr'><strong>quo</strong></span> <span class='ocrx_word' id='word_1_237' title='bbox 991 1842 1144 1891; x_wconf 86' lang='lat' dir='ltr'><strong>furore,</strong></span> <span class='ocrx_word' id='word_1_238' title='bbox 1168 1857 1249 1897; x_wconf 89' lang='lat' dir='ltr'><strong>quo</strong></span> <span class='ocrx_word' id='word_1_239' title='bbox 1280 1842 1429 1883; x_wconf 90' lang='lat' dir='ltr'><strong>ardore</strong></span> <span class='ocrx_word' id='word_1_240' title='bbox 1450 1843 1503 1882; x_wconf 91' lang='lat' dir='ltr'><strong>ad</strong></span> <span class='ocrx_word' id='word_1_241' title='bbox 1524 1843 1683 1891; x_wconf 90' lang='lat' dir='ltr'><strong>urbem,</strong></span> 
     </span>
     <span class='ocr_line' id='line_1_27' title="bbox 91 1905 1684 1962; baseline 0.001 -16"><span class='ocrx_word' id='word_1_242' title='bbox 91 1906 135 1946; x_wconf 90' lang='lat' dir='ltr'><strong>id</strong></span> <span class='ocrx_word' id='word_1_243' title='bbox 156 1910 220 1946; x_wconf 86' lang='lat' dir='ltr'><strong>est</strong></span> <span class='ocrx_word' id='word_1_244' title='bbox 241 1906 295 1945; x_wconf 90' lang='lat' dir='ltr'><strong>ad</strong></span> <span class='ocrx_word' id='word_1_245' title='bbox 317 1905 488 1946; x_wconf 89' lang='lat' dir='ltr'><strong>caedem</strong></span> <span class='ocrx_word' id='word_1_246' title='bbox 519 1905 665 1959; x_wconf 91' lang='lat' dir='ltr'><strong>optimi</strong></span> <span class='ocrx_word' id='word_1_247' title='bbox 694 1906 897 1961; x_wconf 86' lang='lat' dir='ltr'><strong>cujusque</strong></span> <span class='ocrx_word' id='word_1_248' title='bbox 928 1906 1119 1961; x_wconf 91' lang='lat' dir='ltr'><strong>rapiebat</strong></span> <span class='ocrx_word' id='word_1_249' title='bbox 1137 1909 1144 1946; x_wconf 70' lang='grc' dir='ltr'>ἱ</span> <span class='ocrx_word' id='word_1_250' title='bbox 1210 1907 1301 1958; x_wconf 72' lang='lat' dir='ltr'><strong>Quo</strong></span> <span class='ocrx_word' id='word_1_251' title='bbox 1323 1911 1511 1962; x_wconf 91' lang='lat' dir='ltr'><strong>tempore</strong></span> <span class='ocrx_word' id='word_1_252' title='bbox 1533 1907 1589 1946; x_wconf 90' lang='lat' dir='ltr'><strong>dii</strong></span> <span class='ocrx_word' id='word_1_253' title='bbox 1610 1907 1684 1947; x_wconf 88' lang='lat' dir='ltr'><strong>im-</strong></span> 
     </span>
     <span class='ocr_line' id='line_1_28' title="bbox 92 1969 1684 2025; baseline 0.002 -16"><span class='ocrx_word' id='word_1_254' title='bbox 92 1970 291 2010; x_wconf 89' lang='lat' dir='ltr'><strong>mortales</strong></span> <span class='ocrx_word' id='word_1_255' title='bbox 312 1969 390 2024; x_wconf 89' lang='lat' dir='ltr'><strong>ipsi</strong></span> <span class='ocrx_word' id='word_1_256' title='bbox 421 1969 670 2023; x_wconf 87' lang='lat' dir='ltr'><strong>praesidium</strong></span> <span class='ocrx_word' id='word_1_257' title='bbox 701 1970 968 2024; x_wconf 89' lang='lat' dir='ltr'><strong>improvisum</strong></span> <span class='ocrx_word' id='word_1_258' title='bbox 1004 1986 1080 2011; x_wconf 92' lang='lat' dir='ltr'><strong>nec</strong></span> <span class='ocrx_word' id='word_1_259' title='bbox 1113 1970 1381 2025; x_wconf 89' lang='lat' dir='ltr'><strong>opinantibus</strong></span> <span class='ocrx_word' id='word_1_260' title='bbox 1413 1971 1534 2012; x_wconf 93' lang='lat' dir='ltr'><strong>nobis</strong></span> <span class='ocrx_word' id='word_1_261' title='bbox 1564 1973 1684 2013; x_wconf 92' lang='lat' dir='ltr'><strong>obtu-</strong></span> 
     </span>
     <span class='ocr_line' id='line_1_29' title="bbox 92 2034 1686 2077; baseline 0.001 -2"><span class='ocrx_word' id='word_1_262' title='bbox 92 2035 244 2076; x_wconf 87' lang='lat' dir='ltr'><strong>lerunt.</strong></span> <span class='ocrx_word' id='word_1_263' title='bbox 306 2034 392 2075; x_wconf 91' lang='lat' dir='ltr'><strong>IX.</strong></span> <span class='ocrx_word' id='word_1_264' title='bbox 427 2034 617 2075; x_wconf 83' lang='lat' dir='ltr'><strong>Caesaris</strong></span> <span class='ocrx_word' id='word_1_265' title='bbox 653 2035 761 2075; x_wconf 92' lang='lat' dir='ltr'><strong>enim</strong></span> <span class='ocrx_word' id='word_1_266' title='bbox 802 2035 1056 2076; x_wconf 88' lang='lat' dir='ltr'><strong>incredibilis</strong></span> <span class='ocrx_word' id='word_1_267' title='bbox 1088 2050 1136 2076; x_wconf 91' lang='lat' dir='ltr'><strong>ac</strong></span> <span class='ocrx_word' id='word_1_268' title='bbox 1170 2035 1306 2077; x_wconf 88' lang='lat' dir='ltr'><strong>divina</strong></span> <span class='ocrx_word' id='word_1_269' title='bbox 1340 2035 1472 2077; x_wconf 88' lang='lat' dir='ltr'><strong>virtus</strong></span> <span class='ocrx_word' id='word_1_270' title='bbox 1511 2037 1686 2077; x_wconf 87' lang='lat' dir='ltr'><strong>latronis</strong></span> 
     </span>
     <span class='ocr_line' id='line_1_30' title="bbox 92 2098 1686 2155; baseline 0.003 -17"><span class='ocrx_word' id='word_1_271' title='bbox 92 2099 273 2153; x_wconf 86' lang='lat' dir='ltr'><strong>impetus</strong></span> <span class='ocrx_word' id='word_1_272' title='bbox 307 2098 495 2139; x_wconf 83' lang='lat' dir='ltr'><strong>crudeles</strong></span> <span class='ocrx_word' id='word_1_273' title='bbox 515 2113 564 2140; x_wconf 89' lang='lat' dir='ltr'><strong>ac</strong></span> <span class='ocrx_word' id='word_1_274' title='bbox 584 2099 827 2140; x_wconf 86' lang='lat' dir='ltr'><strong>furibundos</strong></span> <span class='ocrx_word' id='word_1_275' title='bbox 857 2100 1112 2147; x_wconf 76' lang='lat' dir='ltr'><strong>retardavit3</strong></span> <span class='ocrx_word' id='word_1_276' title='bbox 1146 2115 1269 2155; x_wconf 91' lang='lat' dir='ltr'><strong>quem</strong></span> <span class='ocrx_word' id='word_1_277' title='bbox 1297 2107 1388 2142; x_wconf 86' lang='lat' dir='ltr'><strong>tum</strong></span> <span class='ocrx_word' id='word_1_278' title='bbox 1419 2101 1485 2142; x_wconf 91' lang='lat' dir='ltr'><strong>ille</strong></span> <span class='ocrx_word' id='word_1_279' title='bbox 1516 2102 1686 2142; x_wconf 88' lang='lat' dir='ltr'><strong>demens</strong></span> 
     </span>
     <span class='ocr_line' id='line_1_31' title="bbox 92 2163 1685 2220; baseline 0.003 -17"><span class='ocrx_word' id='word_1_280' title='bbox 92 2163 256 2204; x_wconf 88' lang='lat' dir='ltr'><strong>laedere</strong></span> <span class='ocrx_word' id='word_1_281' title='bbox 287 2177 332 2203; x_wconf 90' lang='lat' dir='ltr'><strong>se</strong></span> <span class='ocrx_word' id='word_1_282' title='bbox 361 2164 539 2217; x_wconf 88' lang='lat' dir='ltr'><strong>putabat</strong></span> <span class='ocrx_word' id='word_1_283' title='bbox 570 2164 731 2213; x_wconf 89' lang='lat' dir='ltr'><strong>edictis,</strong></span> <span class='ocrx_word' id='word_1_284' title='bbox 766 2164 964 2218; x_wconf 87' lang='lat' dir='ltr'><strong>ignorans</strong></span> <span class='ocrx_word' id='word_1_285' title='bbox 999 2179 1283 2220; x_wconf 89' lang='lat' dir='ltr'><strong>quaecumque</strong></span> <span class='ocrx_word' id='word_1_286' title='bbox 1318 2165 1421 2206; x_wconf 84' lang='lat' dir='ltr'><strong>falso</strong></span> <span class='ocrx_word' id='word_1_287' title='bbox 1454 2166 1611 2208; x_wconf 87' lang='lat' dir='ltr'><strong>diceret</strong></span> <span class='ocrx_word' id='word_1_288' title='bbox 1643 2167 1685 2207; x_wconf 91' lang='lat' dir='ltr'><strong>in</strong></span> 
     </span>
     <span class='ocr_line' id='line_1_32' title="bbox 94 2227 1685 2286; baseline 0.003 -19"><span class='ocrx_word' id='word_1_289' title='bbox 94 2227 403 2269; x_wconf 88' lang='lat' dir='ltr'><strong>sanctissimum</strong></span> <span class='ocrx_word' id='word_1_290' title='bbox 428 2228 747 2278; x_wconf 83' lang='lat' dir='ltr'><strong>adolescentem,</strong></span> <span class='ocrx_word' id='word_1_291' title='bbox 770 2243 819 2269; x_wconf 90' lang='lat' dir='ltr'><strong>ea</strong></span> <span class='ocrx_word' id='word_1_292' title='bbox 839 2243 935 2270; x_wconf 90' lang='lat' dir='ltr'><strong>vere</strong></span> <span class='ocrx_word' id='word_1_293' title='bbox 955 2230 1138 2270; x_wconf 88' lang='lat' dir='ltr'><strong>recidere</strong></span> <span class='ocrx_word' id='word_1_294' title='bbox 1158 2229 1200 2270; x_wconf 92' lang='lat' dir='ltr'><strong>in</strong></span> <span class='ocrx_word' id='word_1_295' title='bbox 1220 2230 1462 2271; x_wconf 87' lang='lat' dir='ltr'><strong>memoriam</strong></span> <span class='ocrx_word' id='word_1_296' title='bbox 1482 2231 1685 2286; x_wconf 87' lang='lat' dir='ltr'><strong>pueritiae</strong></span> 
     </span>
    </p>
   </div>
   <div class='ocr_carea' id='block_1_3' title="bbox 143 2340 870 2380">
    <p class='ocr_par' dir='ltr' id='par_1_3' title="bbox 143 2340 870 2380">
     <span class='ocr_line' id='line_1_33' title="bbox 143 2340 870 2380; baseline 0.007 -11"><span class='ocrx_word' id='word_1_297' title='bbox 143 2341 173 2369; x_wconf 87' lang='lat'><strong>8.</strong></span> <span class='ocrx_word' id='word_1_298' title='bbox 186 2340 372 2380; x_wconf 81' lang='lat' dir='ltr'><strong>fortunati]</strong></span> <span class='ocrx_word' id='word_1_299' title='bbox 420 2341 525 2372; x_wconf 89' lang='lat' dir='ltr'><strong>Those</strong></span> <span class='ocrx_word' id='word_1_300' title='bbox 549 2342 618 2372; x_wconf 91' lang='lat' dir='ltr'><strong>who</strong></span> <span class='ocrx_word' id='word_1_301' title='bbox 642 2342 722 2373; x_wconf 86' lang='lat' dir='ltr'><strong>have</strong></span> <span class='ocrx_word' id='word_1_302' title='bbox 750 2343 870 2374; x_wconf 85' lang='lat' dir='ltr'><strong>‘fortu-</strong></span> 
     </span>
    </p>
   </div>
   <div class='ocr_carea' id='block_1_4' title="bbox 99 2343 1686 2423">
    <p class='ocr_par' dir='ltr' id='par_1_4' title="bbox 99 2343 1686 2423">
     <span class='ocr_line' id='line_1_34' title="bbox 914 2343 1686 2383; baseline 0.004 -10"><span class='ocrx_word' id='word_1_303' title='bbox 914 2343 1018 2374; x_wconf 84' lang='lat' dir='ltr'><strong>better</strong></span> <span class='ocrx_word' id='word_1_304' title='bbox 1033 2346 1065 2374; x_wconf 90' lang='lat' dir='ltr'><strong>to</strong></span> <span class='ocrx_word' id='word_1_305' title='bbox 1082 2346 1140 2383; x_wconf 84' lang='lat' dir='ltr'><strong>put</strong></span> <span class='ocrx_word' id='word_1_306' title='bbox 1155 2353 1196 2373; x_wconf 89' lang='lat' dir='ltr'><strong>no</strong></span> <span class='ocrx_word' id='word_1_307' title='bbox 1213 2346 1311 2383; x_wconf 85' lang='lat' dir='ltr'><strong>stops,</strong></span> <span class='ocrx_word' id='word_1_308' title='bbox 1327 2345 1389 2374; x_wconf 83' lang='lat' dir='ltr'><strong>and</strong></span> <span class='ocrx_word' id='word_1_309' title='bbox 1405 2345 1494 2375; x_wconf 84' lang='lat' dir='ltr'><strong>there</strong></span> <span class='ocrx_word' id='word_1_310' title='bbox 1509 2346 1612 2376; x_wconf 91' lang='lat' dir='ltr'><strong>would</strong></span> <span class='ocrx_word' id='word_1_311' title='bbox 1628 2348 1686 2376; x_wconf 86' lang='lat' dir='ltr'><strong>not</strong></span> 
     </span>
     <span class='ocr_line' id='line_1_35' title="bbox 99 2381 871 2423; baseline 0.008 -13"><span class='ocrx_word' id='word_1_312' title='bbox 99 2381 181 2418; x_wconf 88' lang='lat' dir='ltr'><strong>nae‚’</strong></span> <span class='ocrx_word' id='word_1_313' title='bbox 212 2386 424 2421; x_wconf 84' lang='lat' dir='ltr'><strong>property.—‘</strong></span> <span class='ocrx_word' id='word_1_314' title='bbox 443 2384 669 2423; x_wconf 86' lang='lat' dir='ltr'><strong>Lupercalibus</strong></span> <span class='ocrx_word' id='word_1_315' title='bbox 686 2385 706 2415; x_wconf 71' lang='grc' dir='ltr'><strong>ε’</strong></span> <span class='ocrx_word' id='word_1_316' title='bbox 738 2395 790 2416; x_wconf 91' lang='lat' dir='ltr'><strong>see</strong></span> <span class='ocrx_word' id='word_1_317' title='bbox 816 2387 871 2417; x_wconf 88' lang='lat' dir='ltr'><strong>the</strong></span> 
     </span>
    </p>
   </div>
   <div class='ocr_carea' id='block_1_5' title="bbox 914 2386 1685 2426">
    <p class='ocr_par' dir='ltr' id='par_1_5' title="bbox 914 2386 1685 2426">
     <span class='ocr_line' id='line_1_36' title="bbox 914 2386 1685 2426; baseline 0.004 -11"><span class='ocrx_word' id='word_1_318' title='bbox 914 2386 954 2416; x_wconf 89' lang='lat' dir='ltr'><strong>be</strong></span> <span class='ocrx_word' id='word_1_319' title='bbox 969 2386 1064 2416; x_wconf 91' lang='lat' dir='ltr'><strong>much</strong></span> <span class='ocrx_word' id='word_1_320' title='bbox 1080 2387 1197 2425; x_wconf 87' lang='lat' dir='ltr'><strong>danger</strong></span> <span class='ocrx_word' id='word_1_321' title='bbox 1211 2387 1247 2416; x_wconf 90' lang='lat' dir='ltr'><strong>of</strong></span> <span class='ocrx_word' id='word_1_322' title='bbox 1257 2387 1298 2417; x_wconf 80' lang='lat' dir='ltr'><strong>its</strong></span> <span class='ocrx_word' id='word_1_323' title='bbox 1311 2387 1405 2426; x_wconf 86' lang='lat' dir='ltr'><strong>being</strong></span> <span class='ocrx_word' id='word_1_324' title='bbox 1421 2388 1685 2418; x_wconf 82' lang='lat' dir='ltr'><strong>misunderstood.</strong></span> 
     </span>
    </p>
   </div>
   <div class='ocr_carea' id='block_1_6' title="bbox 97 2423 871 2888">
    <p class='ocr_par' dir='ltr' id='par_1_6' title="bbox 99 2423 362 2463">
     <span class='ocr_line' id='line_1_37' title="bbox 99 2423 362 2463; baseline 0.011 -11"><span class='ocrx_word' id='word_1_325' title='bbox 99 2423 223 2454; x_wconf 86' lang='lat' dir='ltr'><strong>Introd.</strong></span> <span class='ocrx_word' id='word_1_326' title='bbox 241 2435 274 2463; x_wconf 91' lang='lat' dir='ltr'><strong>p.</strong></span> <span class='ocrx_word' id='word_1_327' title='bbox 290 2426 362 2455; x_wconf 84' lang='lat'><strong>451.</strong></span> 
     </span>
    </p>

    <p class='ocr_par' dir='ltr' id='par_1_7' title="bbox 98 2467 871 2634">
     <span class='ocr_line' id='line_1_38' title="bbox 143 2467 869 2511; baseline 0.008 -16"><span class='ocrx_word' id='word_1_328' title='bbox 143 2467 290 2496; x_wconf 75' lang='lat' dir='ltr'><strong>libidines</strong></span> <span class='ocrx_word' id='word_1_329' title='bbox 319 2467 443 2506; x_wconf 83' lang='lat' dir='ltr'><strong>eorum]</strong></span> <span class='ocrx_word' id='word_1_330' title='bbox 500 2468 593 2499; x_wconf 87' lang='lat' dir='ltr'><strong>More</strong></span> <span class='ocrx_word' id='word_1_331' title='bbox 622 2470 658 2499; x_wconf 86' lang='lat' dir='ltr'><strong>of</strong></span> <span class='ocrx_word' id='word_1_332' title='bbox 684 2471 748 2500; x_wconf 88' lang='lat' dir='ltr'><strong>this</strong></span> <span class='ocrx_word' id='word_1_333' title='bbox 777 2471 869 2511; x_wconf 84' lang='lat' dir='ltr'><strong>filthy</strong></span> 
     </span>
     <span class='ocr_line' id='line_1_39' title="bbox 101 2508 870 2550; baseline 0.008 -13"><span class='ocrx_word' id='word_1_334' title='bbox 101 2508 186 2537; x_wconf 85' lang='lat' dir='ltr'><strong>stuff.</strong></span> <span class='ocrx_word' id='word_1_335' title='bbox 233 2509 291 2538; x_wconf 87' lang='lat' dir='ltr'><strong>See</strong></span> <span class='ocrx_word' id='word_1_336' title='bbox 307 2509 387 2538; x_wconf 91' lang='lat' dir='ltr'><strong>Phil.</strong></span> <span class='ocrx_word' id='word_1_337' title='bbox 403 2510 490 2539; x_wconf 80' lang='lat' dir='ltr'><strong>ii.—⁴</strong></span> <span class='ocrx_word' id='word_1_338' title='bbox 503 2511 535 2540; x_wconf 87' lang='lat' dir='ltr'><strong>in</strong></span> <span class='ocrx_word' id='word_1_339' title='bbox 552 2522 623 2541; x_wconf 88' lang='lat' dir='ltr'><strong>eum</strong></span> <span class='ocrx_word' id='word_1_340' title='bbox 638 2512 657 2541; x_wconf 76' lang='lat' dir='ltr'><strong>z’</strong></span> <span class='ocrx_word' id='word_1_341' title='bbox 677 2515 684 2529; x_wconf 88' lang='lat'>‘</span> <span class='ocrx_word' id='word_1_342' title='bbox 695 2523 769 2542; x_wconf 87' lang='lat' dir='ltr'><strong>over</strong></span> <span class='ocrx_word' id='word_1_343' title='bbox 780 2514 870 2550; x_wconf 81' lang='lat' dir='ltr'><strong>him,’</strong></span> 
     </span>
     <span class='ocr_line' id='line_1_40' title="bbox 98 2550 871 2595; baseline 0.01 -16"><span class='ocrx_word' id='word_1_344' title='bbox 98 2550 162 2580; x_wconf 87' lang='lat' dir='ltr'><strong>like</strong></span> <span class='ocrx_word' id='word_1_345' title='bbox 178 2550 329 2581; x_wconf 82' lang='lat' dir='ltr'><strong>Horace&#39;s</strong></span> <span class='ocrx_word' id='word_1_346' title='bbox 346 2554 365 2567; x_wconf 73' lang='lat'><strong>‘⁸</strong></span> <span class='ocrx_word' id='word_1_347' title='bbox 381 2552 483 2591; x_wconf 83' lang='lat' dir='ltr'><strong>Reges</strong></span> <span class='ocrx_word' id='word_1_348' title='bbox 498 2553 530 2582; x_wconf 90' lang='lat' dir='ltr'><strong>in</strong></span> <span class='ocrx_word' id='word_1_349' title='bbox 542 2554 626 2593; x_wconf 91' lang='lat' dir='ltr'><strong>ipsos</strong></span> <span class='ocrx_word' id='word_1_350' title='bbox 640 2555 807 2595; x_wconf 88' lang='lat' dir='ltr'><strong>imperium</strong></span> <span class='ocrx_word' id='word_1_351' title='bbox 823 2560 871 2587; x_wconf 86' lang='lat' dir='ltr'><strong>est</strong></span> 
     </span>
     <span class='ocr_line' id='line_1_41' title="bbox 99 2593 483 2634; baseline 0.005 -12"><span class='ocrx_word' id='word_1_352' title='bbox 99 2593 189 2623; x_wconf 87' lang='lat' dir='ltr'><strong>Jovis</strong></span> <span class='ocrx_word' id='word_1_353' title='bbox 201 2593 222 2607; x_wconf 77' lang='lat'><strong>’&#39;</strong></span> <span class='ocrx_word' id='word_1_354' title='bbox 239 2593 360 2633; x_wconf 88' lang='lat' dir='ltr'><strong>(Carm.</strong></span> <span class='ocrx_word' id='word_1_355' title='bbox 377 2594 419 2623; x_wconf 85' lang='lat' dir='ltr'><strong>iii.</strong></span> <span class='ocrx_word' id='word_1_356' title='bbox 441 2594 483 2634; x_wconf 91' lang='lat' dir='ltr'><strong>l).</strong></span> 
     </span>
    </p>

    <p class='ocr_par' dir='ltr' id='par_1_8' title="bbox 99 2636 871 2718">
     <span class='ocr_line' id='line_1_42' title="bbox 142 2636 871 2675; baseline 0.008 -10"><span class='ocrx_word' id='word_1_357' title='bbox 142 2636 297 2675; x_wconf 74' lang='lat' dir='ltr'><strong>Ituraeis]</strong></span> <span class='ocrx_word' id='word_1_358' title='bbox 337 2636 416 2665; x_wconf 91' lang='lat' dir='ltr'><strong>Phil.</strong></span> <span class='ocrx_word' id='word_1_359' title='bbox 433 2637 464 2666; x_wconf 90' lang='lat' dir='ltr'><strong>ii.</strong></span> <span class='ocrx_word' id='word_1_360' title='bbox 488 2647 514 2666; x_wconf 91' lang='lat' dir='ltr'><strong>c.</strong></span> <span class='ocrx_word' id='word_1_361' title='bbox 537 2639 567 2673; x_wconf 87' lang='lat'><strong>8,</strong></span> <span class='ocrx_word' id='word_1_362' title='bbox 584 2640 643 2668; x_wconf 87' lang='lat' dir='ltr'><strong>and</strong></span> <span class='ocrx_word' id='word_1_363' title='bbox 661 2639 716 2669; x_wconf 80' lang='lat' dir='ltr'><strong>the</strong></span> <span class='ocrx_word' id='word_1_364' title='bbox 739 2644 871 2674; x_wconf 82' lang='lat' dir='ltr'><strong>note.—</strong></span> 
     </span>
     <span class='ocr_line' id='line_1_43' title="bbox 99 2679 719 2718; baseline 0.006 -11"><span class='ocrx_word' id='word_1_365' title='bbox 99 2680 107 2695; x_wconf 83' lang='lat'>‘</span> <span class='ocrx_word' id='word_1_366' title='bbox 121 2679 245 2717; x_wconf 87' lang='lat' dir='ltr'><strong>agmine</strong></span> <span class='ocrx_word' id='word_1_367' title='bbox 261 2679 412 2718; x_wconf 79' lang='lat' dir='ltr'><strong>quadrato</strong></span> <span class='ocrx_word' id='word_1_368' title='bbox 428 2679 447 2708; x_wconf 88' lang='lat'><strong>:&#39;</strong></span> <span class='ocrx_word' id='word_1_369' title='bbox 473 2689 523 2709; x_wconf 90' lang='lat' dir='ltr'><strong>see</strong></span> <span class='ocrx_word' id='word_1_370' title='bbox 539 2681 592 2710; x_wconf 80' lang='lat' dir='ltr'><strong>the</strong></span> <span class='ocrx_word' id='word_1_371' title='bbox 611 2682 719 2711; x_wconf 80' lang='lat' dir='ltr'><strong>Index.</strong></span> 
     </span>
    </p>

    <p class='ocr_par' dir='ltr' id='par_1_9' title="bbox 97 2721 870 2888">
     <span class='ocr_line' id='line_1_44' title="bbox 142 2721 870 2763; baseline 0.008 -13"><span class='ocrx_word' id='word_1_372' title='bbox 142 2731 227 2750; x_wconf 76' lang='lat' dir='ltr'><strong>nunc</strong></span> <span class='ocrx_word' id='word_1_373' title='bbox 251 2721 464 2760; x_wconf 79' lang='lat' dir='ltr'><strong>municipum]</strong></span> <span class='ocrx_word' id='word_1_374' title='bbox 514 2722 678 2754; x_wconf 85' lang='lat' dir='ltr'><strong>Manutius</strong></span> <span class='ocrx_word' id='word_1_375' title='bbox 705 2727 870 2763; x_wconf 82' lang='lat' dir='ltr'><strong>suggested</strong></span> 
     </span>
     <span class='ocr_line' id='line_1_45' title="bbox 100 2762 869 2805; baseline 0.008 -14"><span class='ocrx_word' id='word_1_376' title='bbox 100 2765 108 2780; x_wconf 80' lang='lat'><em>⁴</em></span> <span class='ocrx_word' id='word_1_377' title='bbox 120 2762 331 2802; x_wconf 88' lang='lat' dir='ltr'><strong>municipum&#39;</strong></span> <span class='ocrx_word' id='word_1_378' title='bbox 363 2764 396 2792; x_wconf 89' lang='lat' dir='ltr'><strong>in</strong></span> <span class='ocrx_word' id='word_1_379' title='bbox 431 2764 519 2803; x_wconf 86' lang='lat' dir='ltr'><strong>place</strong></span> <span class='ocrx_word' id='word_1_380' title='bbox 552 2765 587 2794; x_wconf 87' lang='lat' dir='ltr'><strong>of</strong></span> <span class='ocrx_word' id='word_1_381' title='bbox 622 2770 629 2782; x_wconf 78' lang='lat'>⁴</span> <span class='ocrx_word' id='word_1_382' title='bbox 642 2767 869 2805; x_wconf 83' lang='lat' dir='ltr'><strong>municipium,’</strong></span> 
     </span>
     <span class='ocr_line' id='line_1_46' title="bbox 97 2805 868 2846; baseline 0.006 -12"><span class='ocrx_word' id='word_1_383' title='bbox 97 2805 158 2835; x_wconf 88' lang='lat' dir='ltr'><strong>and</strong></span> <span class='ocrx_word' id='word_1_384' title='bbox 182 2806 222 2835; x_wconf 95' lang='lat' dir='ltr'><strong>he</strong></span> <span class='ocrx_word' id='word_1_385' title='bbox 245 2815 307 2835; x_wconf 85' lang='lat' dir='ltr'><strong>was</strong></span> <span class='ocrx_word' id='word_1_386' title='bbox 333 2806 426 2844; x_wconf 86' lang='lat' dir='ltr'><strong>right.</strong></span> <span class='ocrx_word' id='word_1_387' title='bbox 475 2806 571 2836; x_wconf 89' lang='lat' dir='ltr'><strong>Halm</strong></span> <span class='ocrx_word' id='word_1_388' title='bbox 596 2808 701 2846; x_wconf 85' lang='lat' dir='ltr'><strong>points</strong></span> <span class='ocrx_word' id='word_1_389' title='bbox 727 2810 752 2838; x_wconf 90' lang='lat' dir='ltr'><strong>it</strong></span> <span class='ocrx_word' id='word_1_390' title='bbox 774 2810 868 2840; x_wconf 80' lang='lat' dir='ltr'><strong>thus:</strong></span> 
     </span>
     <span class='ocr_line' id='line_1_47' title="bbox 98 2848 869 2888; baseline 0.005 -11"><span class='ocrx_word' id='word_1_391' title='bbox 98 2848 270 2887; x_wconf 84' lang='lat' dir='ltr'><strong>‘oppidum</strong></span> <span class='ocrx_word' id='word_1_392' title='bbox 300 2858 385 2878; x_wconf 91' lang='lat' dir='ltr'><strong>nunc</strong></span> <span class='ocrx_word' id='word_1_393' title='bbox 414 2849 609 2888; x_wconf 87' lang='lat' dir='ltr'><strong>municipum</strong></span> <span class='ocrx_word' id='word_1_394' title='bbox 633 2851 869 2882; x_wconf 87' lang='lat' dir='ltr'><strong>honestissimo-</strong></span> 
     </span>
    </p>
   </div>
   <div class='ocr_carea' id='block_1_7' title="bbox 97 2892 870 2930">
    <p class='ocr_par' dir='ltr' id='par_1_10' title="bbox 97 2892 870 2930">
     <span class='ocr_line' id='line_1_48' title="bbox 97 2892 870 2930; baseline 0.006 -11"><span class='ocrx_word' id='word_1_395' title='bbox 97 2900 178 2926; x_wconf 85' lang='lat' dir='ltr'><strong>rum,</strong></span> <span class='ocrx_word' id='word_1_396' title='bbox 209 2892 367 2930; x_wconf 89' lang='lat' dir='ltr'><strong>quondam</strong></span> <span class='ocrx_word' id='word_1_397' title='bbox 394 2892 600 2923; x_wconf 58' lang='lat' dir='ltr'><strong>colonorum!</strong></span> <span class='ocrx_word' id='word_1_398' title='bbox 648 2893 680 2924; x_wconf 87' lang='lat' dir='ltr'><strong>It</strong></span> <span class='ocrx_word' id='word_1_399' title='bbox 703 2894 806 2924; x_wconf 90' lang='lat' dir='ltr'><strong>would</strong></span> <span class='ocrx_word' id='word_1_400' title='bbox 830 2895 870 2925; x_wconf 90' lang='lat' dir='ltr'><strong>be</strong></span> 
     </span>
    </p>
   </div>
   <div class='ocr_carea' id='block_1_8' title="bbox 914 2429 1686 2938">
    <p class='ocr_par' dir='ltr' id='par_1_11' title="bbox 914 2429 1686 2595">
     <span class='ocr_line' id='line_1_49' title="bbox 915 2429 1684 2471; baseline 0.005 -13"><span class='ocrx_word' id='word_1_401' title='bbox 915 2429 1029 2459; x_wconf 84' lang='lat' dir='ltr'><strong>Suessa</strong></span> <span class='ocrx_word' id='word_1_402' title='bbox 1054 2439 1117 2459; x_wconf 86' lang='lat' dir='ltr'><strong>was</strong></span> <span class='ocrx_word' id='word_1_403' title='bbox 1143 2439 1162 2458; x_wconf 87' lang='lat' dir='ltr'><strong>a</strong></span> <span class='ocrx_word' id='word_1_404' title='bbox 1186 2429 1320 2460; x_wconf 88' lang='lat' dir='ltr'><strong>Colonia</strong></span> <span class='ocrx_word' id='word_1_405' title='bbox 1346 2430 1460 2460; x_wconf 84' lang='lat' dir='ltr'><strong>Latina</strong></span> <span class='ocrx_word' id='word_1_406' title='bbox 1487 2430 1568 2471; x_wconf 72' lang='grc'><strong>(3.0.</strong></span> <span class='ocrx_word' id='word_1_407' title='bbox 1593 2430 1684 2471; x_wconf 87' lang='grc'>313).</span> 
     </span>
     <span class='ocr_line' id='line_1_50' title="bbox 914 2471 1686 2511; baseline 0.004 -10"><span class='ocrx_word' id='word_1_408' title='bbox 914 2472 945 2501; x_wconf 86' lang='lat' dir='ltr'><strong>It</strong></span> <span class='ocrx_word' id='word_1_409' title='bbox 971 2471 1097 2501; x_wconf 85' lang='lat' dir='ltr'><strong>became</strong></span> <span class='ocrx_word' id='word_1_410' title='bbox 1115 2482 1134 2501; x_wconf 90' lang='lat' dir='ltr'><strong>a</strong></span> <span class='ocrx_word' id='word_1_411' title='bbox 1157 2472 1380 2511; x_wconf 89' lang='lat' dir='ltr'><strong>‘municipium</strong></span> <span class='ocrx_word' id='word_1_412' title='bbox 1395 2472 1402 2486; x_wconf 88' lang='lat'>&#39;</span> <span class='ocrx_word' id='word_1_413' title='bbox 1427 2473 1518 2503; x_wconf 89' lang='lat' dir='ltr'><strong>when</strong></span> <span class='ocrx_word' id='word_1_414' title='bbox 1541 2474 1596 2504; x_wconf 85' lang='lat' dir='ltr'><strong>the</strong></span> <span class='ocrx_word' id='word_1_415' title='bbox 1619 2474 1686 2504; x_wconf 85' lang='lat' dir='ltr'><strong>Lex</strong></span> 
     </span>
     <span class='ocr_line' id='line_1_51' title="bbox 914 2514 1686 2552; baseline 0.003 -9"><span class='ocrx_word' id='word_1_416' title='bbox 914 2514 934 2544; x_wconf 89' lang='lat' dir='ltr'><strong>J</strong></span> <span class='ocrx_word' id='word_1_417' title='bbox 939 2514 1000 2544; x_wconf 89' lang='lat' dir='ltr'><strong>ulia</strong></span> <span class='ocrx_word' id='word_1_418' title='bbox 1015 2514 1053 2543; x_wconf 89' lang='lat' dir='ltr'><strong>de</strong></span> <span class='ocrx_word' id='word_1_419' title='bbox 1069 2514 1203 2544; x_wconf 86' lang='lat' dir='ltr'><strong>Civitate</strong></span> <span class='ocrx_word' id='word_1_420' title='bbox 1217 2525 1279 2544; x_wconf 88' lang='lat' dir='ltr'><strong>was</strong></span> <span class='ocrx_word' id='word_1_421' title='bbox 1295 2515 1437 2552; x_wconf 87' lang='lat' dir='ltr'><strong>enacted,</strong></span> <span class='ocrx_word' id='word_1_422' title='bbox 1451 2525 1515 2546; x_wconf 67' lang='lat' dir='ltr'><strong>Rc.</strong></span> <span class='ocrx_word' id='word_1_423' title='bbox 1529 2518 1581 2547; x_wconf 89' lang='grc'><strong>90.</strong></span> <span class='ocrx_word' id='word_1_424' title='bbox 1627 2517 1686 2546; x_wconf 88' lang='lat' dir='ltr'><strong>See</strong></span> 
     </span>
     <span class='ocr_line' id='line_1_52' title="bbox 914 2557 1382 2595; baseline 0.002 -9"><span class='ocrx_word' id='word_1_425' title='bbox 914 2557 986 2586; x_wconf 88' lang='lat' dir='ltr'><strong>Vol.</strong></span> <span class='ocrx_word' id='word_1_426' title='bbox 1003 2557 1023 2586; x_wconf 89' lang='lat' dir='ltr'><strong>i.</strong></span> <span class='ocrx_word' id='word_1_427' title='bbox 1043 2557 1153 2595; x_wconf 83' lang='lat' dir='ltr'><strong>Index,</strong></span> <span class='ocrx_word' id='word_1_428' title='bbox 1170 2560 1177 2574; x_wconf 76' lang='lat'><strong>⁴</strong></span> <span class='ocrx_word' id='word_1_429' title='bbox 1192 2557 1258 2587; x_wconf 88' lang='lat' dir='ltr'><strong>Lex</strong></span> <span class='ocrx_word' id='word_1_430' title='bbox 1274 2557 1382 2588; x_wconf 65' lang='lat' dir='ltr'><strong>Julia!</strong></span> 
     </span>
    </p>

    <p class='ocr_par' dir='ltr' id='par_1_12' title="bbox 914 2599 1685 2724">
     <span class='ocr_line' id='line_1_53' title="bbox 957 2599 1685 2638; baseline 0.004 -10"><span class='ocrx_word' id='word_1_431' title='bbox 957 2599 1003 2629; x_wconf 87' lang='lat' dir='ltr'><strong>As</strong></span> <span class='ocrx_word' id='word_1_432' title='bbox 1026 2603 1058 2629; x_wconf 87' lang='lat' dir='ltr'><strong>to</strong></span> <span class='ocrx_word' id='word_1_433' title='bbox 1083 2600 1146 2629; x_wconf 87' lang='lat' dir='ltr'><strong>this</strong></span> <span class='ocrx_word' id='word_1_434' title='bbox 1173 2610 1337 2636; x_wconf 85' lang='lat' dir='ltr'><strong>massacre,</strong></span> <span class='ocrx_word' id='word_1_435' title='bbox 1363 2610 1414 2630; x_wconf 88' lang='lat' dir='ltr'><strong>see</strong></span> <span class='ocrx_word' id='word_1_436' title='bbox 1441 2600 1521 2630; x_wconf 91' lang='lat' dir='ltr'><strong>Phil.</strong></span> <span class='ocrx_word' id='word_1_437' title='bbox 1543 2601 1586 2631; x_wconf 88' lang='lat' dir='ltr'><strong>iii.</strong></span> <span class='ocrx_word' id='word_1_438' title='bbox 1603 2611 1629 2631; x_wconf 92' lang='lat' dir='ltr'><strong>c.</strong></span> <span class='ocrx_word' id='word_1_439' title='bbox 1647 2603 1685 2638; x_wconf 82' lang='lat'><strong>4;</strong></span> 
     </span>
     <span class='ocr_line' id='line_1_54' title="bbox 914 2642 1685 2674; baseline 0.004 -3"><span class='ocrx_word' id='word_1_440' title='bbox 914 2652 943 2671; x_wconf 92' lang='lat' dir='ltr'><strong>v.</strong></span> <span class='ocrx_word' id='word_1_441' title='bbox 961 2651 987 2671; x_wconf 88' lang='lat' dir='ltr'><strong>c.</strong></span> <span class='ocrx_word' id='word_1_442' title='bbox 1005 2643 1090 2671; x_wconf 86' lang='lat'><strong>8.—-‘</strong></span> <span class='ocrx_word' id='word_1_443' title='bbox 1104 2642 1262 2672; x_wconf 87' lang='lat' dir='ltr'><strong>Brundisii</strong></span> <span class='ocrx_word' id='word_1_444' title='bbox 1279 2665 1286 2672; x_wconf 93' lang='lat'><strong>.</strong></span> <span class='ocrx_word' id='word_1_445' title='bbox 1305 2666 1312 2673; x_wconf 97' lang='lat'><strong>.</strong></span> <span class='ocrx_word' id='word_1_446' title='bbox 1330 2665 1337 2672; x_wconf 90' lang='lat'><strong>.</strong></span> <span class='ocrx_word' id='word_1_447' title='bbox 1355 2643 1553 2673; x_wconf 84' lang='lat' dir='ltr'><strong>centuriones</strong></span> <span class='ocrx_word' id='word_1_448' title='bbox 1567 2643 1586 2673; x_wconf 68' lang='grc' dir='ltr'><strong>τ’</strong></span> <span class='ocrx_word' id='word_1_449' title='bbox 1603 2643 1643 2673; x_wconf 88' lang='lat' dir='ltr'><strong>he</strong></span> <span class='ocrx_word' id='word_1_450' title='bbox 1658 2644 1685 2674; x_wconf 87' lang='lat' dir='ltr'><strong>is</strong></span> 
     </span>
     <span class='ocr_line' id='line_1_55' title="bbox 914 2684 1640 2724; baseline 0.004 -11"><span class='ocrx_word' id='word_1_451' title='bbox 914 2684 1027 2724; x_wconf 89' lang='lat' dir='ltr'><strong>always</strong></span> <span class='ocrx_word' id='word_1_452' title='bbox 1043 2694 1084 2713; x_wconf 89' lang='lat' dir='ltr'><strong>on</strong></span> <span class='ocrx_word' id='word_1_453' title='bbox 1100 2685 1162 2714; x_wconf 84' lang='lat' dir='ltr'><strong>this</strong></span> <span class='ocrx_word' id='word_1_454' title='bbox 1178 2689 1302 2714; x_wconf 85' lang='lat' dir='ltr'><strong>matter.</strong></span> <span class='ocrx_word' id='word_1_455' title='bbox 1342 2685 1399 2715; x_wconf 89' lang='lat' dir='ltr'><strong>See</strong></span> <span class='ocrx_word' id='word_1_456' title='bbox 1417 2686 1495 2715; x_wconf 91' lang='lat' dir='ltr'><strong>Phil.</strong></span> <span class='ocrx_word' id='word_1_457' title='bbox 1511 2687 1554 2716; x_wconf 89' lang='lat' dir='ltr'><strong>iii.</strong></span> <span class='ocrx_word' id='word_1_458' title='bbox 1571 2697 1596 2716; x_wconf 90' lang='lat' dir='ltr'><strong>c.</strong></span> <span class='ocrx_word' id='word_1_459' title='bbox 1610 2688 1640 2716; x_wconf 86' lang='lat'><strong>4.</strong></span> 
     </span>
    </p>

    <p class='ocr_par' dir='ltr' id='par_1_13' title="bbox 914 2728 1685 2938">
     <span class='ocr_line' id='line_1_56' title="bbox 958 2728 1681 2768; baseline 0.003 -12"><span class='ocrx_word' id='word_1_460' title='bbox 958 2729 987 2757; x_wconf 88' lang='grc'><strong>9.</strong></span> <span class='ocrx_word' id='word_1_461' title='bbox 1005 2728 1125 2756; x_wconf 80' lang='lat' dir='ltr'><strong>diceret</strong></span> <span class='ocrx_word' id='word_1_462' title='bbox 1141 2729 1174 2757; x_wconf 79' lang='lat' dir='ltr'><strong>in</strong></span> <span class='ocrx_word' id='word_1_463' title='bbox 1189 2729 1424 2757; x_wconf 75' lang='lat' dir='ltr'><strong>sanctissimum</strong></span> <span class='ocrx_word' id='word_1_464' title='bbox 1437 2729 1681 2768; x_wconf 77' lang='lat' dir='ltr'><strong>adolescentem]</strong></span> 
     </span>
     <span class='ocr_line' id='line_1_57' title="bbox 916 2769 1685 2807; baseline 0.003 -9"><span class='ocrx_word' id='word_1_465' title='bbox 916 2772 923 2785; x_wconf 85' lang='lat'>‘</span> <span class='ocrx_word' id='word_1_466' title='bbox 937 2769 1016 2799; x_wconf 88' lang='lat' dir='ltr'><strong>falso</strong></span> <span class='ocrx_word' id='word_1_467' title='bbox 1047 2770 1079 2799; x_wconf 90' lang='lat' dir='ltr'><strong>in</strong></span> <span class='ocrx_word' id='word_1_468' title='bbox 1109 2779 1181 2799; x_wconf 89' lang='lat' dir='ltr'><strong>eum</strong></span> <span class='ocrx_word' id='word_1_469' title='bbox 1213 2770 1331 2799; x_wconf 86' lang='lat' dir='ltr'><strong>diceret</strong></span> <span class='ocrx_word' id='word_1_470' title='bbox 1373 2771 1422 2807; x_wconf 90' lang='lat' dir='ltr'><strong>[in</strong></span> <span class='ocrx_word' id='word_1_471' title='bbox 1453 2771 1685 2800; x_wconf 83' lang='lat' dir='ltr'><strong>sanctissimum</strong></span> 
     </span>
     <span class='ocr_line' id='line_1_58' title="bbox 914 2812 1684 2851; baseline 0.003 -10"><span class='ocrx_word' id='word_1_472' title='bbox 914 2812 1161 2851; x_wconf 84' lang='lat' dir='ltr'><strong>adolescentem]</strong></span> <span class='ocrx_word' id='word_1_473' title='bbox 1177 2812 1185 2825; x_wconf 81' lang='lat'><em>’</em></span> <span class='ocrx_word' id='word_1_474' title='bbox 1203 2812 1310 2848; x_wconf 87' lang='lat' dir='ltr'><strong>Halm,</strong></span> <span class='ocrx_word' id='word_1_475' title='bbox 1328 2813 1379 2842; x_wconf 89' lang='lat' dir='ltr'><strong>‘in</strong></span> <span class='ocrx_word' id='word_1_476' title='bbox 1391 2823 1462 2842; x_wconf 91' lang='lat' dir='ltr'><strong>eum</strong></span> <span class='ocrx_word' id='word_1_477' title='bbox 1476 2813 1592 2843; x_wconf 84' lang='lat' dir='ltr'><strong>diceret</strong></span> <span class='ocrx_word' id='word_1_478' title='bbox 1603 2813 1610 2826; x_wconf 89' lang='lat'><em>’</em></span> <span class='ocrx_word' id='word_1_479' title='bbox 1628 2814 1647 2842; x_wconf 94' lang='lat' dir='ltr'><strong>b</strong></span> <span class='ocrx_word' id='word_1_480' title='bbox 1660 2817 1684 2848; x_wconf 82' lang='lat' dir='ltr'><strong>t,</strong></span> 
     </span>
     <span class='ocr_line' id='line_1_59' title="bbox 915 2854 1684 2895; baseline 0.001 -12"><span class='ocrx_word' id='word_1_481' title='bbox 915 2854 968 2882; x_wconf 88' lang='lat' dir='ltr'><strong>‘in</strong></span> <span class='ocrx_word' id='word_1_482' title='bbox 995 2854 1089 2884; x_wconf 87' lang='lat' dir='ltr'><strong>eum’</strong></span> <span class='ocrx_word' id='word_1_483' title='bbox 1118 2865 1180 2884; x_wconf 89' lang='lat' dir='ltr'><strong>om.</strong></span> <span class='ocrx_word' id='word_1_484' title='bbox 1208 2865 1227 2884; x_wconf 91' lang='lat' dir='ltr'><strong>a</strong></span> <span class='ocrx_word' id='word_1_485' title='bbox 1251 2865 1270 2893; x_wconf 88' lang='lat' dir='ltr'>g</span> <span class='ocrx_word' id='word_1_486' title='bbox 1292 2855 1312 2885; x_wconf 88' lang='lat' dir='ltr'><strong>i.</strong></span> <span class='ocrx_word' id='word_1_487' title='bbox 1358 2855 1459 2895; x_wconf 87' lang='lat' dir='ltr'><strong>Many</strong></span> <span class='ocrx_word' id='word_1_488' title='bbox 1485 2856 1580 2885; x_wconf 87' lang='lat' dir='ltr'><strong>MSS.</strong></span> <span class='ocrx_word' id='word_1_489' title='bbox 1606 2856 1684 2884; x_wconf 87' lang='lat' dir='ltr'><strong>have</strong></span> 
     </span>
     <span class='ocr_line' id='line_1_60' title="bbox 915 2896 1685 2938; baseline 0.001 -12"><span class='ocrx_word' id='word_1_490' title='bbox 915 2899 922 2912; x_wconf 88' lang='lat'>‘</span> <span class='ocrx_word' id='word_1_491' title='bbox 935 2896 1108 2927; x_wconf 87' lang='lat' dir='ltr'><strong>indiceret.’</strong></span> <span class='ocrx_word' id='word_1_492' title='bbox 1143 2897 1303 2928; x_wconf 85' lang='lat' dir='ltr'><strong>Ferrarius</strong></span> <span class='ocrx_word' id='word_1_493' title='bbox 1318 2898 1475 2938; x_wconf 86' lang='lat' dir='ltr'><strong>proposed</strong></span> <span class='ocrx_word' id='word_1_494' title='bbox 1488 2899 1533 2928; x_wconf 86' lang='lat' dir='ltr'><strong>‘is</strong></span> <span class='ocrx_word' id='word_1_495' title='bbox 1545 2896 1685 2934; x_wconf 77' lang='lat' dir='ltr'><strong>diceret,&#39;</strong></span> 
     </span>
    </p>
   </div>
  </div>
 </body>
</html>
