1816 3211
129 160 210 205 178
362 160 540 202 ORAT.
576 160 640 200 IN
675 159 723 201 L.
757 157 1180 200 OALPURNIUM
1215 157 1490 199 PISONEM

127 274 244 324 licae,
282 273 600 315 commendavit.
664 272 734 313 Ad
768 286 904 312 meam
944 271 1067 311 unius
1099 271 1278 312 salutem
1319 275 1490 312 senatus
1521 270 1722 311 auxilium

127 339 311 379 omnium
347 339 496 380 civium
533 342 686 378 cuncta
714 352 766 377 ex
802 336 936 386 Italia,
975 336 1045 389 qui
1077 351 1163 376 rem
1196 335 1406 390 publicam
1438 337 1592 376 salvam
1630 349 1722 375 esse

126 405 291 453 vellent,
315 404 495 444 consulis
516 417 616 443 voce
638 407 682 442 et
704 401 856 442 litteris
887 400 1190 454 implorandum
1220 400 1398 455 putavit.
1462 400 1551 440 Mei
1573 399 1723 454 capitis

127 468 399 510 conservandi
436 482 584 508 caussa
617 466 794 506 Romam
827 480 910 505 uno
942 470 1131 520 tempore
1163 465 1280 519 quasi
1313 465 1432 520 signo
1466 465 1565 505 dato
1600 464 1724 505 Italia

126 538 219 574 tota
254 532 460 574 convenit.
523 531 589 571 De
629 545 722 571 mea
762 530 897 570 salute
940 530 991 569 P.
1030 529 1211 578 Lentuli,
1254 528 1606 584 praestantissimi
1646 527 1723 568 viri

126 604 253 652 atque
270 596 417 652 optimi
433 595 626 643 consulis,
644 594 720 635 On.
737 594 940 649 Pompeii,
956 594 1174 635 clarissimi
1189 599 1315 650 atque
1333 594 1593 635 invictissimi
1608 593 1719 641 civis,

127 667 441 716 ceterorumque
478 660 710 716 principum
733 659 917 701 civitatis
953 659 1245 701 celeberrimae
1266 664 1310 700 et
1330 659 1595 713 gratissimae
1626 672 1721 698 con-

125 727 263 768 tiones
282 727 464 767 suerunt.
527 725 593 766 De
625 741 690 766 me
723 730 895 766 senatus
925 724 986 766 ita
1013 725 1198 765 decrevit
1227 724 1303 766 On.
1327 723 1529 778 Pompeio
1550 727 1722 764 auctore

126 797 170 833 et
191 793 283 846 ejus
304 790 539 832 sententiae
567 790 764 845 principe,
798 794 860 838 ut,
894 789 928 830 si
960 789 1052 843 quis
1079 789 1323 844 impedisset
1355 789 1536 829 reditum
1569 802 1720 836 meum,

125 856 168 897 in
189 857 371 897 hostium
392 870 564 896 numero
585 859 829 910 putaretur3
863 854 996 909 iisque
1017 855 1154 896 verbis
1175 869 1224 896 ea
1250 855 1300 895 de
1328 869 1395 894 me
1424 858 1597 894 senatus
1626 866 1722 892 auc-

126 921 277 962 toritas
299 921 511 962 declarata
532 925 611 969 est,
635 925 683 961 ut
704 919 858 960 nemini
888 919 943 961 sit
972 920 1211 975 triumphus
1235 918 1578 960 honorificentius
1599 931 1723 973 quam

127 986 226 1026 mihi
254 986 366 1026 salus
397 985 693 1040 restitutioque
727 984 975 1040 perscripta.
1036 985 1102 1026 De
1134 1000 1201 1025 me
1234 999 1359 1039 quum
1393 998 1537 1024 omnes
1569 981 1722 1035 magis-

125 1055 264 1093 tratus
303 1051 640 1105 promulgassent
680 1055 846 1104 praeter
886 1065 1014 1090 unum
1054 1055 1303 1104 praetorem,
1341 1064 1366 1090 a
1405 1063 1485 1103 quo
1525 1062 1609 1088 non
1644 1046 1723 1087 fuit

125 1116 432 1171 postulandum,
474 1115 647 1155 fratrem
695 1115 850 1155 inimici
891 1114 984 1163 mei,
1033 1119 1282 1169 praeterque
1332 1114 1436 1154 duos
1487 1113 1537 1153 de
1586 1112 1722 1167 lapide

126 1186 292 1235 emptos
308 1181 499 1220 tribunos
520 1178 708 1234 [plebis],
728 1179 862 1233 legem
878 1178 1058 1220 comitiis
1073 1178 1320 1219 centuriatis
1334 1178 1431 1219 tulit
1447 1177 1498 1218 P.
1519 1177 1724 1218 Lentulus

126 1245 270 1285 consul
293 1245 343 1285 de
366 1244 548 1298 collegae
582 1245 631 1296 Q.
669 1243 833 1284 Metelli
865 1243 1101 1291 sententia3
1138 1258 1260 1298 quem
1287 1258 1450 1284 mecum
1484 1235 1629 1283 eadem
1654 1256 1722 1282 res

125 1310 302 1364 publica,
341 1323 447 1364 quae
484 1309 525 1348 in
556 1308 775 1349 tribunatu
808 1309 898 1362 ejus
929 1308 1201 1363 disjunxerat,
1237 1308 1279 1349 in
1312 1308 1532 1349 consulatu
1564 1307 1722 1347 virtute

124 1374 270 1429 optimi
299 1389 347 1414 ac
372 1373 595 1428 justissimi
624 1373 699 1414 viri
736 1373 1023 1428 sapientiaque
1052 1373 1284 1427 conjunxit.
1341 1373 1463 1424 -Quae
1493 1373 1560 1413 lex
1582 1386 1720 1427 quem-

123 1440 351 1480 admodum
391 1443 568 1493 accepta
599 1438 667 1488 sit,
702 1438 800 1493 quid
832 1453 898 1479 me
929 1438 1084 1480 attinet
1117 1438 1283 1479 dicere?
1345 1438 1413 1478 Ex
1448 1438 1565 1478 vobis
1596 1436 1721 1478 audio

123 1504 276 1545 nemini
310 1504 388 1544 civi
425 1504 549 1543 ullam
586 1518 667 1558 quo
704 1503 840 1543 minus
875 1504 1044 1544 adesset
1078 1503 1183 1544 satis
1213 1504 1372 1557 justam
1407 1502 1722 1543 excusationem

123 1584 214 1610 esse
235 1569 394 1616 visam;
431 1568 552 1609 nullis
584 1568 765 1609 comitiis
796 1583 992 1622 umquam
1021 1583 1154 1623 neque
1175 1567 1485 1609 multitudinem
1507 1567 1722 1608 hominum

122 1639 286 1676 tantam
307 1648 441 1688 neque
463 1633 788 1688 splendidiorem
820 1632 971 1674 fuisse:
1006 1633 1084 1673 hoc
1108 1639 1223 1675 certe
1245 1633 1376 1683 video,
1402 1633 1513 1688 quod
1534 1632 1723 1672 indicant

121 1699 289 1741 tabulae
312 1698 516 1753 publicae,
540 1713 613 1739 vos
634 1703 868 1753 rogatores,
901 1712 974 1738 vos
1006 1698 1258 1747 diribitores,
1283 1713 1355 1739 vos
1378 1698 1573 1739 custodes
1593 1697 1721 1737 fuisse

121 1765 383 1812 tabularum;
420 1768 474 1810 et,
512 1763 622 1818 quod
658 1763 699 1803 in
733 1762 962 1803 honoribus
1001 1767 1237 1804 vestrorum
1271 1763 1598 1818 propinquorum
1638 1776 1721 1802 non

122 1828 262 1869 facitis
289 1829 352 1869 vel
379 1828 535 1869 aetatis
566 1828 836 1868 excusatione
867 1827 931 1868 vel
962 1828 1143 1878 honoris,
1175 1828 1216 1869 id
1246 1829 1286 1868 in
1315 1829 1450 1869 salute
1484 1842 1576 1869 mea
1608 1827 1720 1867 nullo

122 1897 299 1949 rogante
320 1907 394 1934 vos
415 1898 554 1934 vestra
575 1898 724 1948 sponte
745 1892 915 1933 fecistis.

166 2029 200 2058 in
227 2029 365 2059 hostium
393 2028 540 2067 numero]
578 2028 616 2057 In
642 2028 711 2058 Cat.
731 2028 774 2058 iii.
800 2038 825 2057 c.
849 2029 897 2058 10.

124 2072 169 2101 As
184 2075 217 2102 to
234 2072 289 2101 the
312 2075 408 2110 story,
426 2081 572 2110 compare
589 2071 696 2103 Quum
715 2071 854 2106 Senatui,
871 2080 898 2100 e.

130 2116 176 2149 10,
195 2117 306 2145 &C.—‘
318 2124 416 2143 unum
434 2117 610 2152 praetorem
623 2114 642 2142 ε’
665 2114 790 2152 Appius
806 2113 898 2143 Clau-

124 2157 204 2192 dius,
215 2156 356 2186 Publius'
369 2156 564 2185 brother.-—‘
575 2156 614 2185 de
626 2156 730 2194 lapide
743 2159 866 2194 emptos
879 2155 897 2185 :’

125 2202 132 2215 ⁴
144 2199 267 2238 bought
282 2199 362 2228 from
379 2199 434 2227 the
450 2198 563 2233 stone,’
577 2197 699 2236 bought
711 2198 772 2227 like
789 2198 897 2234 slaves,

124 2241 194 2271 who
207 2251 287 2270 were
304 2241 454 2269 mounted
470 2250 556 2279 upon
572 2250 589 2269 a
605 2244 706 2275 stone,
718 2241 808 2269 when
824 2240 898 2279 they

125 2294 204 2313 were
221 2283 299 2317 sold,
317 2293 352 2312 or
368 2292 409 2311 on
430 2293 490 2321 any
507 2283 598 2320 thing
614 2282 677 2311 else
699 2282 778 2312 from
797 2283 898 2313 which

125 2326 201 2365 they
214 2326 305 2355 could
318 2325 358 2354 be
374 2335 466 2360 seen;
489 2335 523 2354 as
539 2335 557 2354 a
573 2335 646 2354 man
659 2325 857 2364 now-a-days
874 2326 899 2355 is

125 2369 306 2398 sometimes
322 2367 474 2397 mounted
490 2377 531 2396 on
547 2367 602 2396 the
622 2368 682 2397 end
707 2368 742 2397 of
761 2378 780 2397 a
797 2368 900 2398 barrel

126 2416 159 2440 to
186 2411 226 2440 be
252 2411 319 2440 sold
344 2410 377 2439 in
405 2411 459 2439 the
486 2410 606 2439 United
634 2410 749 2439 States.
810 2410 899 2447 Cato,

126 2454 241 2493 quoted
260 2454 301 2492 by
311 2453 487 2492 Appuleius
506 2452 654 2491 (Apolog.
672 2452 710 2482 de
727 2452 844 2491 Magia,
861 2453 898 2483 T.

125 2497 156 2526 ii.
185 2506 216 2535 p.
249 2497 322 2531 431,
366 2496 414 2525 ed.
454 2495 660 2534 Oudendorp,
703 2496 819 2534 quoted
859 2496 899 2535 by

126 2538 264 2578 Mayer),
296 2548 384 2577 says:
425 2538 583 2576 “jussisse
613 2538 692 2567 duos
723 2548 836 2577 pueros
866 2539 898 2568 in

125 2582 193 2611 foro
209 2582 248 2611 de
263 2590 372 2610 mensa
388 2580 483 2609 emi.''
531 2583 539 2597 ⁴
552 2579 682 2610 Mensa’
695 2581 721 2610 is
735 2581 899 2620 explained

124 2629 158 2654 to
185 2624 224 2654 be
252 2623 307 2653 the
336 2622 491 2652 ‘catasta'
520 2632 554 2651 or
582 2622 703 2661 ‘lapis,’
728 2633 769 2652 on
796 2624 898 2653 which

126 2667 224 2696 slaves
255 2667 302 2695 for
330 2666 394 2695 sale
417 2675 497 2694 were
527 2666 690 2695 mounted.
741 2666 810 2695 The
838 2670 899 2695 two

125 2709 277 2745 tribunes,
309 2711 372 2737 two
409 2711 465 2737 out
502 2708 536 2737 of
570 2712 622 2737 ten
654 2708 723 2737 who
761 2709 899 2747 opposed

126 2751 265 2782 Cicero's
287 2751 391 2786 recall,
408 2760 489 2779 were
515 2750 586 2780 Sex.
603 2750 719 2780 Atilius
747 2751 899 2781 Serranus

124 2795 187 2824 and
211 2794 250 2827 Q.
272 2793 445 2823 Numerius
469 2793 544 2831 (Pro
568 2793 680 2829 Sestio,
705 2803 731 2823 e.
755 2794 807 2830 33,
834 2794 895 2824 and

125 2838 180 2867 the
195 2840 297 2872 notes,
313 2836 375 2866 and
391 2846 417 2865 c.
435 2835 503 2875 40).

174 2881 210 2916 Q.
227 2879 370 2918 Metelli]
396 2878 516 2918 Nepos.
563 2877 622 2908 See
646 2877 707 2908 Pro
733 2878 845 2916 Sestio,
867 2889 893 2909 c.

944 2029 1050 2058 62.—‘
1061 2028 1187 2058 tabulae
1203 2028 1377 2068 publicaez'
1401 2029 1456 2059 the
1482 2031 1571 2059 ‘acta
1586 2029 1719 2067 diurna‚’

944 2080 978 2100 as
1002 2070 1132 2100 Abrami
1149 2081 1229 2110 says,
1253 2071 1354 2101 which
1371 2082 1451 2101 were
1470 2072 1659 2102 established
1681 2073 1721 2112 by

945 2113 981 2142 C.
999 2113 1114 2143 Caesar
1126 2113 1157 2142 in
1168 2114 1216 2143 his
1233 2113 1424 2153 consulship,
1438 2124 1501 2144 Rc.
1519 2116 1559 2145 59
1575 2127 1581 2144 :
1600 2118 1619 2131 “
1635 2115 1720 2145 Inito

942 2155 1061 2185 honore
1084 2156 1205 2194 primus
1235 2157 1375 2186 omnium
1407 2158 1545 2187 instituit
1581 2160 1617 2187 ut
1653 2161 1718 2187 tam

943 2202 1068 2228 senatus
1099 2209 1194 2238 quam
1225 2199 1332 2238 populi
1356 2199 1467 2230 diurna
1493 2204 1562 2230 acta
1586 2201 1719 2230 confice-

942 2245 1052 2270 rentur
1081 2245 1113 2271 et
1145 2242 1415 2281 publicarentur.⁷'
1478 2243 1624 2283 (Sueton.
1652 2243 1672 2273 J
1676 2244 1718 2273 ul.

944 2293 970 2313 c.
987 2285 1055 2321 20.)

986 2327 1251 2366 splendidiorem]
1292 2330 1310 2344 “
1326 2328 1531 2367 Splendorem
1558 2328 1590 2358 S.
1607 2338 1654 2368 pr.
1674 2339 1717 2358 m.

945 2371 977 2397 et
1007 2371 1026 2399 2
1057 2370 1140 2399 Oxx.
1172 2373 1208 2399 ut
1239 2371 1415 2408 conjecerat
1453 2371 1591 2401 Faernus
1627 2371 1717 2411 prob.

945 2411 1089 2441 Wunder
1101 2422 1130 2451 p.
1143 2412 1209 2442 lx.”
1230 2412 1368 2454 (Halm.)
1398 2414 1493 2443 Klotz
1510 2417 1648 2443 entreats
1663 2414 1718 2444 the

944 2455 1053 2483 reader
1068 2458 1101 2484 to
1119 2466 1265 2495 compare
1280 2456 1335 2485 the
1351 2466 1481 2495 passage
1497 2457 1528 2486 in
1541 2457 1596 2486 the
1610 2457 1717 2489 Quum

946 2496 1086 2533 Senatui,
1104 2508 1129 2527 c.
1146 2500 1193 2533 11,
1209 2500 1362 2538 “quando
1380 2500 1432 2528 illa
1447 2498 1634 2538 dignitate,’'
1648 2502 1717 2535 δια,

945 2540 1058 2569 “since
1074 2541 1113 2570 he
1123 2541 1185 2570 will
1202 2542 1275 2571 thus
1292 2542 1331 2571 be
1347 2546 1430 2571 most
1441 2542 1536 2581 easily
1548 2542 1717 2571 convinced

943 2582 1013 2612 that
1023 2583 1076 2612 the
1088 2586 1158 2613 true
1171 2584 1301 2623 reading
1313 2585 1387 2614 here
1399 2585 1425 2614 is
1440 2591 1446 2601 ⁴
1459 2584 1683 2623 splendorem.'
1697 2584 1716 2598 ”

944 2624 1005 2654 Let
1020 2626 1074 2655 the
1090 2627 1199 2656 reader
1214 2627 1306 2656 make
1321 2627 1374 2656 the
1390 2628 1596 2666 experiment.

988 2669 1189 2708 diribitores]
1224 2672 1243 2686 ⁴¹
1256 2669 1295 2699 V.
1321 2670 1557 2705 distributores,
1583 2669 1620 2699 C.
1666 2669 1717 2699 Ad

944 2720 1009 2739 voc.
1026 2711 1059 2740 in
1082 2711 1122 2741 V.
1141 2721 1237 2741 manu
1260 2712 1389 2751 antiqua
1413 2713 1472 2742 hoc
1495 2712 1635 2741 scholion
1660 2712 1716 2741 ad-

944 2754 1095 2793 scriptum
1126 2758 1192 2783 est:
1226 2758 1233 2771 ¹
1248 2754 1466 2793 descriptores,
1493 2755 1642 2784 divisores
1668 2758 1715 2784 ta-

941 2794 1085 2825 bularum
1117 2799 1148 2826 et
1184 2801 1399 2826 numeratores
1431 2797 1648 2835 suffragiorum
1667 2797 1675 2811 '
1693 2797 1714 2811 ''

941 2836 1349 2879 (Halm).—‘tabularum:'
1366 2840 1405 2869 V.
1421 2839 1473 2876 C.;
1491 2838 1714 2876 ‘tabellarum,'

941 2880 1041 2911 Codd.
1059 2881 1266 2920 Lallemandi,
1282 2882 1388 2912 Halm.
