1816 3211
709 181 844 224 OAP.
878 184 1057 223 10—12.
1595 190 1674 229 241

84 295 346 338 sanctissimo
367 299 494 350 atque
516 294 627 336 omni
647 294 769 336 laude
791 298 834 335 et
854 295 1012 336 honore
1034 294 1279 349 dignissimo
1296 295 1382 336 viro
1397 296 1573 339 dilectus
1595 305 1673 352 est,

83 366 133 402 ut
154 365 197 401 et
218 360 479 401 contubernii
500 360 766 401 necessitudo
800 365 844 401 et
878 360 1180 401 adolescentuli
1212 361 1511 402 modestissimi
1544 364 1678 418 pudor

28 443 31 446 ’
83 425 338 480 postulabat.
402 426 534 476 Quod,
554 426 589 466 si
605 426 784 474 adesset,
803 439 887 466 non
907 424 1044 465 minus
1066 425 1133 465 ille
1150 425 1385 466 declararet
1407 441 1532 481 quam
1549 428 1614 468 hic
1632 429 1678 469 il-

83 490 162 531 lius
176 491 308 531 frater
321 491 521 544 patruelis
537 496 581 532 et
596 505 716 532 socer
734 491 783 532 T.
801 491 1053 545 Torquatus,
1070 491 1182 531 omni
1199 491 1256 531 illi
1270 496 1314 532 et
1329 491 1484 532 virtute
1499 497 1542 532 et
1555 493 1678 534 laude

83 569 185 610 par;
219 555 289 610 qui
310 560 376 595 est-
398 556 565 610 quidem
586 571 681 596 cum
702 556 771 596 illo
798 555 990 596 maximis
1012 555 1186 596 vinculis
1221 561 1264 596 et
1285 556 1613 611 propinquitatis
1635 563 1679 600 et

82 619 298 660 affinitatis
319 620 581 673 conjunctus,
606 621 680 660 sed
701 620 760 661 ita
788 620 951 674 magnis
972 620 1137 670 amoris,
1162 625 1211 661 ut
1241 620 1334 661 illae
1358 622 1678 664 necessitudinis

85 699 258 725 caussae
279 685 391 725 leves
413 699 504 725 esse
534 684 767 725 videantur.
831 684 934 725 Fuit
954 684 997 724 in
1029 684 1157 725 Creta
1186 690 1334 740 postea
1366 687 1679 729 contubernalis

86 748 312 799 Saturnini,
336 749 560 804 propinqui
581 748 656 797 sui,
692 748 810 789 miles
830 749 956 802 hujus
993 749 1043 801 Q.
1069 749 1260 797 Metelli;
1298 750 1364 790 cui
1398 765 1524 805 quum
1551 752 1679 793 fuerit

83 814 403 868 probatissimus
424 813 628 867 hodieque
664 813 732 861 sit,
756 813 946 853 omnibus
984 828 1075 854 esse
1103 828 1147 854 se
1177 815 1402 868 probatum
1430 816 1556 857 debet
1586 831 1677 871 spe-

82 892 190 918 rare.
253 877 303 917 In
325 892 374 918 ea
408 877 622 932 provincia
656 878 822 932 legatus
853 878 932 919 fuit
964 877 1010 918 C.
1035 878 1256 928 Sacerdos,
1290 894 1370 934 qua
1400 880 1569 929 virtute,
1597 895 1678 935 qua

85 943 325 984 constantia
361 943 450 983 vir!
533 942 581 982 L.
607 942 799 993 Flaccus,
823 943 892 998 qui
924 943 1076 984 homo!
1112 944 1182 998 qui
1213 944 1338 985 civis!
1374 945 1537 999 qualem
1567 945 1678 986 hunc

83 1012 235 1062 putent
256 1008 506 1049 assiduitate
528 1007 852 1062 testimonioque
874 1008 1101 1049 declarant.
1136 1008 1186 1048 In
1211 1008 1463 1050 Macedonia
1484 1010 1678 1052 tribunus

83 1072 262 1113 militum
283 1073 389 1120 suit;
425 1072 467 1112 in
489 1073 635 1113 eadem
657 1072 869 1127 provincia
882 1078 1031 1127 postea
1047 1078 1257 1127 quaestor.
1320 1074 1507 1114 Primum
1531 1075 1678 1116 Maee-

84 1137 209 1178 donia
230 1138 290 1178 sic
321 1153 416 1178 eum
437 1137 586 1191 diligit,
618 1143 666 1178 ut
701 1137 889 1178 indicant
922 1137 963 1177 hi
997 1137 1206 1192 principes
1238 1138 1457 1180 civitatum
1478 1154 1673 1187 suarum3

84 1202 156 1256 qui
177 1216 304 1256 quum
325 1201 441 1242 missi
464 1202 549 1242 sint
571 1203 624 1242 ob
645 1202 769 1242 aliam
792 1216 994 1250 caussam,
1018 1207 1161 1242 tamen
1182 1203 1308 1257 hujus
1330 1204 1549 1258 repentino
1571 1204 1678 1259 peri-

85 1266 177 1306 culo
192 1266 388 1306 commoti
405 1266 500 1306 huic
515 1267 713 1314 assident,
730 1281 802 1320 pro
820 1267 898 1306 hoe
919 1267 1111 1307 laborant
1128 1285 1138 1314 ς
1165 1268 1260 1308 huic
1276 1268 1310 1308 si
1325 1277 1492 1322 praesto
1510 1269 1675 1319 fuerint,

83 1331 248 1385 gratius
269 1346 314 1371 se
336 1331 576 1372 civitatibus
597 1330 683 1371 suis
704 1331 890 1372 facturos
910 1337 1064 1386 putant
1085 1347 1209 1387 quam
1230 1332 1264 1373 si
1285 1332 1537 1387 legationem
1559 1348 1680 1374 suam

85 1401 130 1437 et-
161 1396 360 1436 mandata
393 1395 663 1436 confecerint.
742 1395 790 1435 L.
816 1410 912 1436 vero
951 1396 1158 1451 Apuleius
1190 1397 1300 1438 huuc
1336 1398 1446 1438 tanti
1487 1398 1588 1439 facit
1630 1403 1680 1440 ut

84 1474 242 1500 morem
275 1460 389 1500 illum
424 1460 641 1513 majorum,
667 1459 735 1514 qui
771 1460 1020 1514 praescribit
1052 1461 1093 1501 in
1115 1467 1337 1516 parentum
1359 1462 1450 1503 loco
1482 1468 1679 1517 quaesto-

83 1525 199 1565 ribus
219 1524 307 1565 suis
327 1528 544 1578 praetores
566 1538 657 1564 esse
681 1530 887 1578 oportere,
904 1525 1050 1566 officiis
1066 1526 1438 1581 benevolentiaque
1455 1528 1677 1582 superarit.

85 1589 294 1629 Tribunus
315 1589 449 1643 plebis
471 1589 562 1637 fuit,
586 1603 668 1628 nou
691 1589 870 1629 fortasse
898 1594 987 1630 tam
1008 1590 1230 1631 vehemens
1253 1606 1376 1645 quam
1399 1591 1482 1639 isti,
1507 1607 1610 1647 quos
1631 1598 1679 1633 tu

78 1653 173 1708 jure
194 1653 351 1702 laudas,
376 1653 450 1693 sed
474 1658 589 1694 certe
610 1652 718 1702 talis,
743 1654 886 1706 quales
916 1653 950 1694 si
983 1669 1126 1695 omnes
1158 1669 1324 1709 semper
1343 1656 1533 1706 fuissent,
1558 1671 1679 1696 num-

83 1732 206 1773 quam
247 1717 509 1758 desideratus
545 1717 767 1758 vehemens
807 1722 922 1759 esset
961 1718 1169 1759 tribunus.
1237 1719 1349 1760 XII.
1390 1721 1554 1761 Omitto
1595 1721 1677 1770 illa,

83 1796 188 1836 quae
220 1781 255 1822 si
290 1781 427 1822 minus
460 1781 501 1822 in
534 1796 660 1822 scena
695 1786 805 1832 sunt,
843 1787 889 1822 at
929 1788 1044 1824 certe
1085 1798 1213 1838 quum
1252 1790 1350 1824 sunt
1390 1785 1554 1839 prolata
1594 1786 1680 1826 lau-

82 1846 246 1895 dantur,
297 1851 346 1887 ut
381 1846 494 1887 vivat
545 1861 639 1886 cum
675 1846 774 1896 suis,
826 1846 1007 1901 primum
1047 1862 1141 1888 cum
1191 1853 1537 1903 parente,—nam
1586 1865 1680 1891 meo

77 1910 237 1965 judicio
265 1910 400 1965 pietas
429 1911 748 1952 fundamentum
778 1916 844 1952 est
875 1912 1060 1952 omnium
1091 1912 1492 1968 virtutum,—quem
1514 1919 1681 1955 veretur

83 1979 133 2016 ut
172 1975 503 2030 deum,—neque
549 1975 660 2016 enim
705 1976 839 2016 multo
885 1990 1006 2017 secus
1051 1981 1118 2018 est
1157 1992 1309 2031 parens
1349 1978 1680 2027 liberis,—amat

83 2054 181 2081 vero
221 2044 270 2081 ut
304 2040 502 2090 sodalem,
543 2045 590 2081 ut
630 2040 815 2090 fratrem,
852 2045 900 2082 ut
942 2041 1172 2096 aequalem.
1254 2041 1365 2093 Quid
1407 2043 1542 2084 dicam
1584 2059 1680 2085 cum

127 2167 252 2204 mayur's
267 2167 400 2206 amoris]
450 2169 456 2183 ‘
470 2167 574 2205 magni
590 2168 704 2198 amoris
717 2167 724 2181 ’
741 2168 779 2198 T.
796 2168 834 2198 E.
849 2180 857 2205 ;

903 2168 970 2198 cius
985 2178 1047 2198 was
1063 2171 1102 2198 tr.
1119 2169 1175 2208 pl.‚
1193 2168 1302 2199 Cicero
1318 2179 1379 2199 was
1395 2170 1485 2208 again
1508 2173 1541 2199 at
1566 2170 1677 2205 Romo,

87 2209 95 2223 ‘
107 2209 229 2246 magnis
243 2209 358 2238 amoris
371 2208 378 2221 ’
396 2209 617 2247 Pantagathus.

902 2211 964 2240 and
980 2221 1026 2240 we
1038 2211 1124 2241 learn
1141 2212 1211 2241 that
1226 2212 1368 2241 Plancius
1385 2222 1446 2242 was
1463 2217 1518 2242 not
1530 2223 1563 2242 so
1579 2213 1679 2242 active

132 2249 166 2279 C'.
194 2250 366 2289 Sacerdos]
416 2251 570 2290 Probably
593 2252 648 2281 the
674 2262 759 2283 same
783 2264 855 2283 man

86 2290 156 2321 who
179 2301 241 2320 was
260 2301 411 2330 governor
433 2293 469 2322 of
490 2294 584 2333 Sicily
610 2303 673 2324 1³.c.
691 2297 733 2331 74
750 2295 854 2336 (Verr.

85 2333 118 2363 ii.
136 2335 166 2367 4,
183 2343 207 2363 c.
225 2335 265 2363 64
282 2333 382 2374 note).
429 2335 465 2364 L.
484 2335 612 2366 Flaccus
636 2347 697 2367 was
713 2338 766 2368 the
783 2349 856 2368 man

85 2375 189 2405 whom
220 2375 329 2406 Cicero
359 2377 521 2408 defended.
570 2379 628 2408 llis
658 2381 792 2411 services
823 2382 856 2411 in

86 2417 180 2448 Crete
210 2427 262 2447 are
293 2419 472 2449 mentioned
503 2421 534 2450 in
561 2421 615 2451 the
641 2423 763 2453 oration
795 2423 854 2453 Pro

87 2459 209 2495 Flacco,
240 2470 266 2489 c.
298 2462 328 2496 3,
360 2461 431 2491 Vol.
464 2463 748 2495 iii—‘assiduitate
762 2465 781 2495 ε’
812 2465 854 2505 by

85 2502 168 2532 their
199 2512 347 2541 presence
376 2504 437 2533 and
472 2509 617 2535 constant
653 2508 852 2538 attendance.

87 2544 140 2574 He
155 2554 225 2584 says
241 2554 316 2574 soon
333 2546 412 2575 after
428 2550 435 2562 ⁴
448 2546 520 2577 huic
535 2548 695 2579 assident!

130 2588 169 2616 L.
207 2588 381 2625 Apuleius]
434 2588 630 2626 Saturninus,
673 2595 707 2621 to
750 2592 854 2622 whom

85 2628 231 2659 Plancius
244 2639 305 2659 was
321 2634 468 2668 quaestor
484 2631 515 2660 in
528 2631 714 2663 Macedonia
730 2633 772 2672 (c.
787 2634 853 2673 41).

87 2671 139 2701 He
155 2681 224 2711 says
240 2672 294 2701 the
317 2683 402 2701 sume
417 2672 453 2701 of
464 2673 518 2702 the
534 2674 665 2703 relation
682 2675 822 2706 between
838 2687 856 2706 a

83 2723 238 2753 governor
253 2715 313 2743 and
331 2715 379 2743 his
396 2719 542 2754 quaestor
564 2716 596 2744 in
612 2716 666 2746 the
683 2717 732 2747 De
749 2718 854 2748 Divin.

85 2766 112 2786 c.
133 2758 170 2787 19
184 2768 190 2785 :
217 2760 235 2773 ‘⁶
251 2757 301 2786 Sic
317 2757 399 2786 enim
416 2767 434 2786 a
452 2757 621 2795 majoribus
638 2759 752 2788 nostris
769 2770 856 2790 acce-

83 2798 198 2837 pimus,
230 2803 404 2838 praetorem
445 2800 602 2838 quaestori
633 2810 689 2830 suo
719 2803 857 2840 parentis

83 2841 152 2871 loco
168 2851 236 2871 esse
251 2841 432 2880 oportere.’'
480 2842 565 2880 (Vol.
583 2841 620 2881 i.)

132 2884 294 2913 Tribunus
302 2883 424 2923 plebis]
456 2884 494 2913 Iu
509 2893 573 2914 n.c.
587 2885 639 2920 56,
656 2884 747 2915 when
766 2885 858 2916 Plau-

143 2946 239 2974 VOL.
269 2947 326 2975 lv.

901 2263 935 2283 as
951 2263 1038 2284 some
1054 2254 1090 2283 of
1102 2254 1157 2283 the
1180 2254 1272 2284 other
1293 2255 1447 2288 tribunes.
1464 2255 1525 2284 and
1543 2256 1678 2294 perhaps

901 2300 958 2326 not
975 2306 1009 2325 so
1021 2297 1122 2326 active
1137 2307 1170 2326 as
1187 2297 1296 2327 Cicero
1312 2297 1428 2327 wished
1444 2310 1450 2334 ;
1476 2298 1532 2327 but
1549 2298 1588 2328 he
1603 2298 1678 2327 dex-

900 2339 1039 2378 terously
1064 2339 1160 2369 avails
1184 2339 1314 2370 himself
1330 2340 1366 2370 of
1379 2340 1441 2370 this
1458 2344 1491 2371 to
1507 2351 1567 2380 pay
1587 2341 1677 2370 Plan-

900 2381 967 2411 cius
983 2391 1002 2411 a
1017 2382 1233 2421 compliment.

948 2425 995 2454 12.
1011 2425 1121 2463 scena]
1157 2428 1165 2440 ⁴
1177 2434 1289 2454 scaena
1301 2424 1308 2437 ’
1325 2424 1374 2461 T.,
1392 2425 1546 2461 Wunder,
1559 2426 1675 2455 Baiter.

898 2466 967 2496 The
977 2467 1159 2505 expression
1173 2467 1199 2496 is
1211 2477 1369 2497 common.
1401 2468 1553 2498 Garatoni
1565 2473 1677 2508 quotes

901 2509 1036 2544 Horace,
1055 2510 1155 2539 Serm.
1172 2509 1204 2538 ii.
1225 2511 1251 2545 l,
1267 2520 1296 2539 v.
1314 2511 1350 2544 71
1367 2522 1374 2540 :

900 2569 919 2584 ‘⁶
935 2567 1019 2600 Quin
1036 2567 1089 2597 ubi
1104 2578 1137 2598 se
1152 2578 1170 2598 a
1183 2568 1276 2607 vulgo
1291 2572 1324 2598 et
1339 2578 1432 2598 scena
1447 2568 1479 2598 in
1496 2572 1613 2598 secreta
1629 2578 1675 2597 re-

976 2613 1102 2639 morant

931 2651 1041 2681 Virtus
1059 2652 1222 2692 Scipiadae
1238 2656 1270 2682 ct
1286 2653 1370 2683 mitis
1387 2653 1538 2692 sapientia
1554 2652 1674 2682 Laeli.''

899 2719 968 2749 The
984 2720 1117 2757 Foench,
1135 2722 1240 2751 whose
1256 2723 1381 2752 written
1397 2722 1492 2751 idiom
1516 2721 1572 2750 has
1596 2721 1674 2749 been

901 2762 1021 2792 formed
1038 2773 1078 2793 on
1105 2764 1160 2793 the
1184 2764 1275 2793 Latin
1300 2765 1414 2797 model,
1437 2774 1491 2793 use
1517 2764 1568 2792 tlw
1590 2762 1672 2790 word

903 2803 1034 2835 ‘scene'
1048 2806 1079 2834 in
1101 2816 1119 2835 a
1140 2807 1258 2836 similar
1280 2805 1555 2845 way.—⁴pictas:’
1582 2803 1673 2832 ‘tilinl

901 2845 1002 2884 duty!
1050 2847 1126 2887 (See
1158 2859 1186 2878 c.
1222 2850 1275 2888 33,
1303 2849 1364 2878 and
1398 2848 1506 2880 Index.
1536 2846 1603 2874 vol.
1643 2845 1673 2874 ii.

903 2888 1032 2928 Pietas.)

1423 2953 1442 2975 n
