1899 3227
206 177 259 215 50
661 170 838 211 ORAT.
872 169 990 210 PRO
1027 169 1088 209 M.
1122 168 1352 210 CAELIO

210 291 254 328 et
292 285 392 340 fingi
432 283 727 339 intelligebam,
765 284 898 324 fretus
934 286 1073 323 vestra
1115 280 1347 336 prudentia,
1381 278 1556 333 judices,
1594 293 1677 321 non
1714 294 1803 335 per-

210 352 399 394 timesco,
463 349 648 389 Aiebant
681 349 788 388 enini
825 348 912 387 fore
946 352 1099 386 testem
1132 349 1380 391 senatorem,
1404 344 1471 398 qui
1504 358 1548 384 se
1581 345 1805 399 pontificiis

212 415 391 458 comitiis
419 414 628 469 pulsatum
659 428 684 453 a
716 412 853 453 Caelio
885 412 1053 450 (liceret.
1116 409 1156 449 A
1180 423 1260 462 quo
1290 423 1499 462 quaeram,
1523 409 1556 449 si
1591 409 1801 463 prodierit,

211 482 402 537 primum,
428 494 500 520 cnr
531 478 675 519 statim
707 476 806 515 nihil
839 475 998 528 egerit?
1035 473 1197 520 deinde,
1228 473 1262 513 si
1298 473 1339 513 id
1375 473 1491 528 queri
1524 488 1647 528 quam
1680 488 1805 527 agere

212 545 415 592 maluerit,
441 559 512 583 cnr
534 543 763 597 productus
789 554 813 579 a
839 539 955 578 vobis
977 538 1116 592 potius
1138 553 1261 593 quam
1283 538 1371 592 ipse
1402 553 1476 592 per
1496 552 1553 584 se,
1583 553 1656 579 cur
1683 544 1805 579 tanto

212 615 307 666 post
330 609 468 663 potins
490 621 610 660 quam
635 604 832 645 continuo
855 603 970 657 queri
994 603 1211 644 maluerit?
1287 603 1332 643 Si
1360 603 1459 643 mihi
1485 603 1537 643 ad
1560 604 1660 644 haec
1682 609 1806 643 acute

213 681 441 727 arguteque
482 669 754 724 responderit,
798 673 889 708 tuln
923 682 1120 722 quaeram
1157 667 1332 722 denique
1366 682 1417 708 ex
1455 683 1534 722 quo
1568 668 1647 708 iste
1690 668 1807 709 fonte

215 744 384 780 senator
405 740 583 777 emanet.
648 734 757 774 Nam
780 733 814 772 si
837 733 924 787 ipse
946 733 1102 773 orietur
1124 738 1167 774 et
1188 738 1385 773 nascetur
1402 747 1454 773 ex
1475 747 1578 781 sese,
1611 733 1805 781 fortasse,

213 809 260 845 ut
281 803 404 852 soleo,
429 799 730 841 commovebor.
795 797 868 837 Sin
890 802 1031 838 auten]
1053 803 1118 838 est
1143 797 1297 837 rivulus
1325 797 1552 838 arcessitus
1582 802 1625 837 et
1658 798 1808 838 ductus

213 869 266 909 ab
299 867 389 922 ipso
421 865 555 920 capite
591 862 871 917 accusationis
904 867 1079 912 vestrae,
1118 862 1316 912 laetabor,
1355 877 1483 917 quum
1518 867 1637 903 tanta
1670 862 1809 917 gratia

213 932 424 986 tantisque
454 929 601 984 opibus
632 927 847 968 accusatio
878 933 1017 968 vestra
1048 927 1222 977 nitatur,
1247 942 1374 967 unum
1407 932 1643 971 senatorem
1676 927 1807 967 solum

213 1012 303 1038 esse
325 996 393 1051 qni
415 994 529 1035 vobis
558 992 786 1046 gratificari
810 992 932 1033 vellet
961 992 1189 1033 inventum.
1253 992 1340 1033 Nec
1370 997 1512 1033 tamen
1545 992 1642 1032 illud
1674 1006 1809 1046 genus

212 1062 388 1102 alterum
410 1064 710 1099 nocturnorum
732 1057 907 1098 testium
924 1057 1190 1112 pertimesco.
1239 1057 1321 1098 Est
1343 1058 1450 1097 enim
1468 1057 1625 1097 dictum
1646 1058 1699 1097 ab
1716 1057 1806 1106 illis,

212 1126 300 1166 fore
322 1125 389 1179 qui
411 1124 597 1164 (licerent
625 1137 778 1162 uxores
799 1137 896 1162 suas
929 1137 953 1162 a
989 1137 1117 1163 caena
1137 1122 1360 1162 redeuntes
1381 1126 1635 1162 attrectatas
1666 1136 1756 1162 esse
1784 1137 1810 1162 a

215 1191 366 1232 Caelio.
419 1192 578 1229 Graves
599 1192 723 1228 erunt
739 1187 926 1227 homines
943 1187 1012 1242 qui
1034 1187 1113 1228 hoc
1131 1187 1263 1241 jurati
1280 1187 1415 1228 dicere
1437 1187 1664 1233 audebunt,
1683 1202 1810 1242 quum

212 1256 267 1296 sit
297 1256 346 1295 iis
377 1253 657 1294 confitendum
689 1267 915 1307 numquam
937 1267 981 1292 se
1002 1267 1054 1293 ne
1075 1267 1301 1306 congressu
1326 1252 1490 1306 quidem
1513 1257 1556 1292 et
1577 1252 1810 1292 constituto

214 1320 398 1374 coepisse
421 1319 471 1359 (16
493 1318 624 1359 tantis
649 1318 810 1372 injuriis
832 1317 1024 1372 experiri.
1088 1317 1174 1357 IX.
1209 1317 1292 1357 Sed
1319 1322 1457 1357 totum
1488 1331 1620 1370 genus
1652 1331 1809 1372 oppug-

212 1384 390 1426 nationis
412 1384 548 1437 hujus,
567 1383 747 1437 judices,
772 1388 816 1423 et
833 1383 919 1436 jam
942 1382 1181 1436 prospicitis
1203 1381 1363 1429 animis,
1387 1386 1429 1422 et
1454 1396 1579 1436 quum
1611 1381 1812 1422 inferetur

212 1449 453 1505 propulsare
477 1448 696 1488 debebitis.
760 1447 855 1487 Non
872 1447 987 1487 enim
1015 1447 1068 1487 ab
1097 1447 1241 1487 iisdem
1262 1451 1484 1487 accusatur
1510 1446 1571 1486 M.
1596 1446 1760 1487 Caelius
1787 1461 1812 1486 a

213 1515 362 1570 quibus
385 1518 667 1568 oppugnatur.
731 1513 879 1553 Palam
909 1513 950 1552 in
982 1528 1076 1553 eum
1107 1512 1191 1552 tela
1216 1511 1442 1566 jaciuntur,
1466 1511 1570 1552 clam
1592 1511 1811 1552 subminis-

212 1585 392 1621 trantur.
470 1579 615 1633 Neque
656 1578 698 1618 id
739 1593 817 1632 ego
859 1578 964 1627 dico,
1001 1583 1049 1619 ut
1089 1577 1335 1617 invidiosum
1376 1576 1433 1617 sit
1473 1577 1514 1616 in
1555 1591 1626 1617 eos
1663 1577 1812 1631 quibus

214 1644 442 1700 gloriosum
484 1644 611 1684 etiam
652 1643 732 1684 hoc
770 1658 860 1683 esse
894 1643 1034 1685 debet.
1103 1642 1358 1695 Funguntur
1397 1642 1543 1690 officio,
1583 1642 1812 1682 defendunt

216 1724 325 1757 suos,
341 1708 498 1749 faciunt
517 1709 627 1762 quod
642 1708 716 1748 viri
738 1707 954 1748 fortissimi
976 1708 1112 1748 solent
1130 1724 1137 1748 :
1172 1707 1274 1747 laesi
1288 1706 1441 1755 dolent,
1460 1706 1555 1746 irati
1572 1706 1809 1755 efferuntur,

217 1779 406 1829 pugnant
426 1773 622 1814 lacessiti.
688 1772 771 1813 Sed
802 1777 966 1813 vestrae
999 1772 1228 1826 sapientiae
1255 1776 1395 1812 tamen
1420 1777 1496 1821 est,
1517 1771 1691 1825 judices,
1715 1786 1810 1820 non,

217 1839 252 1879 si
274 1853 424 1879 caussa
441 1838 559 1892 justa
580 1842 646 1879 est
668 1837 766 1878 viris
786 1837 964 1878 fortibus
986 1837 1254 1892 oppugnandi
1278 1836 1342 1877 M.
1367 1836 1561 1886 Caelium,
1586 1836 1678 1876 ideo
1696 1836 1813 1877 vobis

223 1991 342 2030 sulship
376 1990 412 2021 of
438 1991 570 2027 Marius,
602 2001 682 2021 were
719 1991 838 2022 elected
867 1991 909 2031 by
939 1992 994 2022 the

222 2034 358 2073 populus
382 2038 414 2063 at
440 2034 494 2064 the
521 2035 656 2064 Comitia
684 2035 779 2071 (Vell.
804 2035 835 2064 ii.
863 2036 922 2071 1⁴2;
946 2035 995 2065 De

223 2077 307 2115 Lege
325 2077 465 2115 Agraria,
479 2077 509 2106 ii.
522 2079 551 2113 7,
566 2078 635 2107 Vol.
650 2076 851 2117 ii.).—‘nihil
864 2078 962 2116 egerit
974 2077 993 2107 ι’

224 2122 231 2135 ¹
246 2120 316 2158 why
346 2120 385 2160 he
426 2120 477 2149 did
516 2123 573 2149 not
603 2124 767 2159 prosecute
798 2121 853 2150 the
883 2125 997 2150 matter

222 2162 333 2201 legally
347 2162 366 2198 ;⁷
390 2162 438 2192 for
454 2163 524 2192 that
539 2164 565 2193 is
582 2163 636 2192 the
654 2165 800 2202 meaning
816 2164 851 2193 of
865 2167 872 2180 ‘
883 2163 996 2202 agere,'

223 2215 256 2234 as
272 2205 446 2234 Lambinus
462 2206 613 2245 correctly
630 2216 711 2246 says,
737 2207 807 2245 ‘jus
828 2217 919 2236 suum
945 2216 996 2236 ac-

223 2248 309 2277 tione
325 2248 478 2286 experiri!

267 2300 307 2319 ex·
332 2300 391 2328 quo
416 2291 474 2319 iste
492 2290 605 2330 fonte]
643 2292 694 2321 An
719 2292 871 2322 awkward
897 2295 998 2322 meta-

224 2331 313 2370 phor.
361 2332 411 2361 He
437 2333 509 2372 only
528 2344 633 2363 means
658 2335 741 2364 what
763 2335 859 2374 urged
883 2335 947 2364 him
965 2338 998 2364 to

226 2384 314 2404 come
331 2374 458 2403 forward
485 2386 517 2404 as
542 2386 560 2404 a
584 2377 718 2407 witness.
768 2378 818 2407 He
834 2379 997 2407 continues

224 2417 278 2446 the
299 2417 473 2455 metaphor.
520 2419 547 2447 A
579 2419 736 2449 ‘rivulus’
767 2421 793 2449 is
824 2431 842 2450 a
865 2421 998 2450 charmel

224 2459 272 2489 for
288 2460 459 2497 irrigation,
477 2460 599 2489 derived
616 2462 695 2491 from
713 2473 730 2491 a
746 2473 854 2493 source
872 2463 995 2504 (caput)

224 2512 259 2531 or
275 2512 361 2531 some
378 2503 477 2540 larger
492 2503 634 2533 channel.
680 2505 748 2535 The
769 2508 777 2521 ⁴
789 2510 882 2545 caput
905 2517 992 2536 accu-

225 2545 354 2574 sationis
366 2544 373 2554 '
398 2545 423 2573 is
439 2545 558 2574 Clodia.

267 2587 512 2626 nocturnorum]
547 2588 624 2617 This
654 2588 679 2618 is
710 2590 774 2618 said
804 2593 837 2619 to
861 2591 953 2620 make
979 2602 996 2621 3

223 2630 329 2668 laugh,
350 2630 513 2659 Hotmann
529 2630 685 2671 observes,
708 2631 839 2662 because
860 2634 914 2663 the
929 2635 996 2663 wit-

223 2682 328 2702 nesses
345 2672 436 2702 could
454 2677 508 2701 not
524 2682 574 2702 see
590 2673 621 2701 in
640 2673 692 2702 the
708 2674 806 2711 night.
853 2675 884 2704 It
899 2677 925 2705 is
941 2680 996 2706 not

222 2725 297 2754 very
313 2715 485 2754 important
502 2718 534 2744 to
560 2725 646 2754 press
670 2716 723 2745 the
747 2720 835 2746 exact
851 2719 998 2758 meaning

223 2758 311 2787 hard.
337 2759 409 2796 Any
422 2757 501 2796 body
515 2768 571 2787 can
585 2759 653 2796 give
665 2759 689 2787 it.
699 2768 784 2791 some
797 2761 997 2798 meaning.—

222 2803 345 2839 ‘graves
357 2800 475 2830 erunt:'
486 2801 645 2839 ironically
657 2801 736 2837 said3
750 2811 820 2830 men
831 2802 864 2830 of
872 2803 996 2840 weight,

220 2844 255 2872 of
268 2843 436 2878 character,
447 2843 516 2872 who
533 2844 594 2872 will
606 2843 684 2873 have
699 2847 732 2873 to
748 2844 844 2882 speak
856 2854 895 2873 011
913 2845 995 2874 their

219 2886 305 2923 oatb,
317 2886 378 2916 and
391 2886 512 2916 confess
521 2886 591 2916 that
600 2886 674 2926 they
690 2896 784 2917 never
799 2887 995 2926 complained

1037 1990 1144 2022 before
1154 1991 1190 2021 of
1200 1991 1263 2021 this
1273 1991 1371 2021 insult
1380 1994 1413 2021 to
1425 1991 1507 2021 their
1518 1991 1622 2026 wives,
1634 2000 1727 2020 never
1735 1999 1814 2019 even

1038 2035 1100 2064 had
1110 2045 1128 2064 a
1141 2035 1279 2073 meeting
1291 2033 1504 2074 (congressus)
1512 2034 1586 2063 with
1596 2034 1650 2063 the
1662 2033 1813 2069 offender,

1039 2078 1100 2107 and
1116 2077 1199 2106 fixed
1215 2088 1233 2107 a
1252 2078 1340 2117 place
1363 2077 1424 2107 and
1445 2077 1523 2107 time
1544 2077 1592 2106 for
1612 2076 1763 2115 speaking
1782 2075 1819 2105 of

1040 2121 1094 2150 the
1118 2124 1233 2150 matter
1257 2119 1471 2157 (constituto).
1530 2122 1537 2135 ⁶
1552 2119 1696 2158 Experiri
1710 2118 1717 2131 '
1740 2119 1767 2148 is
1796 2128 1816 2148 a

1040 2163 1195 2193 technical
1221 2166 1312 2193 term.
1360 2163 1418 2193 See
1444 2163 1503 2192 Pro
1529 2162 1672 2198 Quintio,
1703 2171 1730 2191 c.
1764 2162 1814 2196 16,

1042 2206 1113 2235 Vol.
1123 2207 1155 2236 ii.
1182 2206 1290 2236 Cicero
1302 2216 1408 2235 means
1418 2206 1488 2235 that
1500 2205 1575 2243 they
1590 2205 1652 2234 had
1670 2208 1725 2234 not
1737 2214 1815 2233 even

1042 2249 1193 2289 privately
1220 2250 1318 2283 (intra
1337 2250 1485 2288 parietes)
1509 2247 1683 2286 attempted
1706 2251 1740 2276 to
1763 2251 1816 2285 get

1043 2303 1104 2331 any
1134 2292 1324 2321 satisfaction
1354 2292 1403 2321 for
1429 2291 1517 2320 these
1547 2290 1660 2319 insults
1693 2293 1726 2319 to
1760 2290 1816 2319 the

1043 2345 1165 2365 women
1184 2334 1218 2374 (⁴⁴
1232 2336 1256 2364 si
1279 2335 1351 2374 quid
1369 2334 1401 2364 in
1418 2333 1661 2363 controversiam
1685 2332 1814 2368 veniret,

1042 2382 1097 2408 aut
1123 2379 1207 2407 intra
1221 2378 1356 2417 parietes
1377 2381 1432 2406 aut
1459 2385 1582 2405 summo
1600 2376 1672 2414 jure
1696 2375 1816 2414 experi-

1041 2420 1164 2456 retur,'’
1184 2421 1243 2450 Pro
1262 2421 1295 2450 P.
1315 2420 1457 2453 Quintio.
1476 2429 1501 2448 e.
1522 2420 1588 2452 ll).

1084 2466 1113 2495 9.
1129 2474 1223 2502 quum
1240 2462 1413 2501 inser-elur]
1441 2462 1546 2491 When
1561 2461 1635 2500 they
1649 2460 1728 2490 shall
1743 2469 1816 2499 pro-

1041 2507 1119 2536 duce
1153 2507 1236 2536 their
1266 2506 1434 2541 witnesses,
1459 2505 1529 2533 who
1560 2504 1663 2533 would
1694 2504 1732 2532 be
1762 2512 1816 2532 ex-

1041 2549 1164 2578 amined
1191 2549 1272 2578 after
1297 2548 1360 2577 this
1391 2547 1569 2587 speech—⁴
1580 2547 1739 2585 jaciuntur
1755 2568 1763 2575 .
1781 2568 1788 2575 .
1807 2568 1815 2575 .

1041 2592 1320 2621 subministrantur
1334 2590 1353 2620 ι’
1378 2591 1418 2620 116
1444 2600 1515 2620 11563
1538 2600 1557 2619 3
1580 2590 1715 2628 military
1736 2588 1817 2617 form

1041 2635 1076 2664 of
1088 2634 1200 2673 speech
1213 2646 1220 2671 ;
1245 2638 1263 2650 ‘⁴
1276 2634 1328 2663 alii
1344 2633 1451 2663 multis
1464 2633 1534 2662 telis
1547 2632 1696 2670 conjectis
1709 2631 1816 2660 defen-

1041 2687 1126 2707 sores
1143 2699 1150 2706 .
1170 2700 1176 2706 .
1194 2676 1638 2716 depellerent,auxiliaresque
1655 2697 1662 2704 .
1680 2696 1687 2703 .
1705 2673 1816 2712 lapidi-

1042 2719 1100 2749 bus
1111 2720 1246 2760 telisque
1256 2718 1552 2754 subministrandis‚'
1558 2717 1565 2731 '
1587 2717 1703 2747 Caesar
1713 2716 1766 2756 (B.
1777 2716 1815 2746 G.

1042 2762 1084 2791 iii.
1102 2765 1142 2792 25
1162 2785 1168 2792 .

1086 2762 1260 2842 defgndrmt
1277 2804 1365 2844 suos]
1392 2804 1481 2842 They
1503 2802 1608 2832 attack
1636 2801 1760 2831 Caelius
1782 2800 1816 2829 in

1039 2846 1131 2876 order
1152 2852 1185 2877 to
1208 2847 1323 2878 defend
1339 2847 1421 2877 their
1443 2845 1554 2882 friend,
1571 2844 1737 2874 Atratinus
1760 2843 1817 2873 the

1039 2888 1150 2918 father.
