1816 3211
754 166 889 208 GAP.
921 169 959 218 3,
982 168 1022 208 4.
1603 173 1685 216 607

87 292 217 330 meus,
241 277 357 334 pacis
392 279 611 321 commoda
642 284 958 322 commemorat.
1020 280 1150 334 Quasi
1169 295 1280 332 vero,
1304 281 1340 323 si
1364 282 1574 324 laudanda
1600 299 1682 339 pax

88 349 213 396 esset,
249 360 327 400 ego
364 345 404 386 id
443 360 575 402 aeque
609 347 824 387 commode
863 346 1001 388 facere
1035 361 1119 387 non
1154 362 1336 402 possem.
1399 347 1537 389 Semel
1573 349 1682 390 enim

48 413 50 415 ’
86 424 233 464 pacem
269 410 465 452 defendi?
509 426 592 452 non
631 425 794 467 semper
826 412 913 453 otio
954 413 1123 454 studui?
1165 414 1278 468 quod
1318 429 1446 469 quum
1489 415 1683 457 omnibus

84 474 204 515 bonis
239 475 340 515 utile
380 480 506 527 esset,
544 481 636 517 tum
671 477 893 532 praecipue
926 477 1041 518 mihi.
1104 477 1237 529 Quem
1271 479 1381 520 enim
1418 494 1587 520 cursum
1622 480 1680 520 in-

85 539 245 580 dustria
269 555 361 581 mea
391 546 535 582 tenere
571 542 781 596 potuisset
811 542 899 583 sine
931 543 1166 584 forensibus
1194 543 1366 593 caussis,
1390 545 1478 584 sine
1505 545 1679 600 legibus,

84 604 173 645 sine
209 605 406 659 judiciis?
448 620 554 660 quae
595 621 686 647 esse
726 621 809 647 non
849 613 1028 662 possunt
1065 607 1174 649 civili
1207 623 1310 663 pace
1351 610 1534 651 sublata.
1598 610 1682 651 Sed

84 683 251 724 quaeso,
306 669 469 719 Calene,
517 670 616 724 quid
657 675 717 721 tu,
771 672 1018 713 servitutem
1066 687 1214 728 pacem
1254 675 1416 714 vocas?
1492 675 1681 729 Majores

84 733 251 788 quidem
280 734 416 775 nostri
446 749 530 775 non
551 735 676 775 modo
697 740 746 776 ut
766 736 885 777 liberi
906 742 1061 785 essent,
1084 738 1159 778 sed
1188 737 1317 778 etiam
1344 743 1392 779 ut
1426 738 1681 793 imperarent

83 813 201 839 arma
222 798 469 853 capiebant;
505 803 552 840 tu
581 813 699 840 arma
729 800 966 854 abjicienda
997 816 1142 842 censes
1172 806 1220 842 ut
1247 803 1503 844 serviamus?
1565 805 1681 856 Quae

85 880 234 907 caussa
262 866 417 920 justior
452 870 517 906 est
541 865 638 906 belli
665 867 836 921 gerendi
871 881 995 922 quam
1024 867 1239 908 servitutis
1267 868 1480 922 depulsio?
1524 869 1566 909 in
1599 885 1680 924 qua

83 930 248 972 etiamsi
283 945 367 972 non
398 930 455 971 sit
487 931 691 972 molestus
724 932 930 982 dominus,
969 936 1111 973 tamen
1151 938 1217 973 est
1249 933 1526 974 miserrimum
1557 949 1681 989 posse

83 995 119 1036 si
151 995 264 1037 velit.
329 996 463 1037 Immo
494 996 600 1037 aliae
633 1011 809 1039 caussae
840 998 994 1052 justae,
1032 997 1137 1039 haec
1170 998 1411 1039 necessaria
1445 1003 1524 1040 est.
1588 999 1681 1040 Nisi

83 1060 192 1101 forte
224 1061 278 1101 ad
307 1065 350 1102 te
378 1061 457 1102 hoc
489 1076 573 1102 non
604 1067 728 1117 putas
758 1063 981 1117 pertinere,
1005 1063 1117 1118 quod
1148 1067 1192 1104 te
1223 1063 1385 1104 socium
1415 1063 1504 1105 fore
1535 1078 1680 1119 speras

85 1125 379 1167 dominationis
413 1126 604 1167 Antonii.
677 1127 728 1167 In
764 1142 846 1182 quo
886 1127 952 1168 bis
988 1127 1166 1175 laberis;
1213 1127 1406 1182 primum,
1442 1129 1552 1183 quod
1584 1133 1680 1169 tuas

85 1189 271 1230 rationes
304 1191 596 1231 communibus
630 1192 878 1246 anteponis;
918 1192 1080 1241 deinde,
1116 1193 1227 1247 quod
1264 1193 1491 1247 quidquam
1528 1193 1679 1234 stabile

84 1259 158 1296 aut
180 1255 413 1309 jucundum
444 1255 486 1295 in
507 1270 636 1311 regno
665 1260 801 1310 putas.
865 1256 973 1305 Non,
998 1256 1033 1297 si
1061 1256 1139 1297 tibi
1167 1262 1294 1298 antea
1324 1258 1493 1312 profuit,
1517 1273 1680 1312 semper

84 1320 283 1373 proderit.
347 1319 456 1371 Quin
484 1320 611 1361 etiam
644 1321 695 1361 de
726 1321 795 1361 illo
824 1320 989 1361 homine
1022 1321 1140 1375 queri
1175 1322 1364 1362 solebas:
1401 1323 1499 1377 quid
1527 1328 1570 1364 te
1595 1323 1678 1363 fac-

84 1389 225 1425 turum
248 1385 298 1425 de
320 1384 457 1425 bellua
477 1386 632 1440 putas?
693 1386 836 1440 Atque
857 1385 918 1426 ais
940 1400 1034 1426 eum
1055 1391 1098 1426 te
1120 1400 1210 1426 esse
1240 1386 1309 1441 qui
1341 1401 1505 1442 semper
1532 1402 1678 1442 pacem

83 1451 256 1504 optaris,
279 1465 443 1505 semper
478 1465 622 1491 omnes
654 1450 764 1492 cives
789 1451 966 1491 volueris
999 1452 1148 1492 salvos.
1210 1451 1407 1493 Honesta
1435 1454 1581 1501 oratio,
1605 1455 1678 1494 sed

83 1514 144 1555 ita
177 1516 212 1556 si
244 1516 376 1556 bonos
412 1520 456 1556 et
483 1515 607 1557 utiles
639 1520 683 1556 et
708 1530 730 1556 e
761 1530 806 1556 re
834 1517 1000 1571 publica
1036 1517 1176 1564 cives;
1215 1517 1278 1557 sin
1308 1531 1393 1566 eos,
1426 1519 1494 1573 qui
1526 1524 1678 1559 natura

82 1579 194 1621 cives
225 1585 335 1630 sunt,
375 1580 592 1620 voluntate
632 1581 787 1631 hostes,
826 1582 960 1622 salvos
1001 1582 1113 1631 velis,
1153 1581 1253 1636 quid
1290 1583 1461 1623 tandem
1502 1583 1675 1624 interest

81 1644 193 1685 inter
220 1649 264 1685 te
298 1649 341 1685 et
374 1644 494 1685 illos?
555 1645 688 1686 Pater
723 1650 821 1686 tuus
855 1646 1035 1701 quidem,
1069 1661 1150 1701 quo
1187 1647 1336 1687 utebar
1368 1662 1467 1688 sene
1502 1654 1677 1689 auctore

81 1709 336 1760 adolescens,
378 1709 501 1750 homo
549 1724 717 1750 severus
764 1715 807 1751 et
857 1712 1050 1765 prudens,
1093 1711 1248 1765 primas
1295 1712 1480 1753 onmium
1525 1713 1677 1754 civium

82 1774 134 1815 P.
159 1774 350 1824 Nasicae,
370 1775 439 1830 qui
463 1775 527 1815 Ti.
546 1774 786 1816 Gracchum
808 1775 1031 1825 interfecit,
1056 1776 1155 1816 dare
1176 1776 1361 1818 solebat:
1394 1777 1486 1830 ejus
1507 1778 1673 1827 virtute,

82 1839 266 1889 consilio,
289 1840 577 1894 magnitudine
603 1841 729 1881 animi
760 1840 981 1881 liberatam
1011 1855 1100 1881 rem
1127 1841 1340 1896 publicam
1371 1842 1676 1884 arbitrabatur.

84 1903 192 1955 Quid
229 1919 305 1945 nos
337 1919 362 1944 a
397 1905 601 1959 patribus,
631 1920 731 1945 num
761 1905 883 1946 aliter
913 1905 1179 1960 accepimus?
1240 1906 1358 1961 Ergo
1390 1906 1424 1947 is
1452 1907 1529 1948 tibi
1561 1908 1673 1957 civis,

82 1968 118 2009 si
139 1968 397 2022 temporibus
430 1969 509 2009 illis
541 1969 702 2018 fuisses,
727 1985 809 2010 non
835 1971 1093 2024 probaretur,
1117 1971 1213 2025 quia
1243 1986 1325 2012 non
1362 1986 1508 2012 omnes
1541 1973 1676 2014 salvos

81 2047 172 2074 esse
194 2032 590 2084 voluisset.—Quod
615 2033 663 2074 L.
688 2033 878 2088 Opimius
910 2035 1054 2074 consul
1076 2036 1203 2076 verba
1231 2036 1330 2077 fecit
1359 2037 1410 2076 de
1432 2051 1475 2077 re
1496 2038 1671 2091 publica.

82 2099 133 2139 de
154 2112 203 2139 ea
224 2112 268 2137 re
290 2097 350 2138 ita
371 2103 636 2149 censuerunt,
660 2098 722 2139 uti
748 2097 794 2139 L.
819 2098 1009 2153 Opimius
1029 2099 1171 2140 consul
1193 2114 1279 2140 rom
1302 2100 1508 2154 publicam
1538 2102 1674 2142 defen-

81 2161 462 2203 deret—Senatus
492 2162 595 2203 haec
617 2162 767 2212 verbis,
800 2162 989 2217 Opimius
1019 2164 1159 2204 armis.
1224 2164 1334 2204 Num
1361 2164 1489 2218 igitur
1509 2180 1615 2215 eum,
1640 2167 1674 2206 si

82 2232 173 2269 tum
194 2241 319 2275 esses,
349 2226 616 2267 temerarium
642 2227 772 2267 civem
794 2232 868 2268 aut
889 2228 1097 2268 crudelem
1120 2233 1290 2282 putares
1307 2230 1320 2268 ’Ξ
1351 2234 1424 2269 aut
1448 2229 1496 2280 Ω.
1524 2230 1673 2271 Metel-

82 2293 180 2339 lum,
198 2292 317 2346 cujus
338 2296 539 2346 quattuor
559 2291 630 2331 filii
653 2292 918 2333 consulares?
979 2293 1028 2334 P.
1052 2292 1286 2336 Lentulum.
1307 2293 1532 2348 principem
1556 2309 1672 2336 sena—

82 2362 163 2407 tus,
199 2356 433 2411 complures
472 2356 574 2397 alios
613 2371 797 2397 summos
833 2356 955 2406 viros,
993 2357 1062 2411 qui
1093 2372 1187 2398 cum
1226 2357 1272 2398 L.
1298 2358 1462 2413 Opimio
1503 2360 1672 2401 consule

82 2466 172 2496 when
198 2466 305 2496 Fufius
320 2476 383 2495 was
398 2466 473 2495 with
499 2465 614 2496 Caesar
640 2467 671 2496 in
695 2467 749 2496 the
774 2467 853 2497 Civil
899 2467 987 2502 chus,
1012 2477 1046 2496 ns
1070 2467 1111 2496 ho
1138 2477 1208 2506 says
1236 2467 1320 2497 here.
1367 2468 1482 2498 Nasica
1504 2469 1530 2499 is
1557 2479 1617 2499 one
1640 2468 1676 2498 of

81 2509 169 2544 WVar,
187 2509 226 2539 he
243 2518 313 2548 says
329 2509 364 2538 of
385 2509 449 2538 him
470 2509 567 2538 ‘mihi
594 2509 851 2540 inimicissimus!
899 2509 1037 2540 Cieero’s
1054 2510 1141 2540 stoek
1156 2511 1341 2540 characters.
1390 2512 1427 2541 In
1453 2512 1521 2542 Cat.
1550 2513 1568 2541 i.
1590 2523 1615 2541 c.
1647 2513 1671 2546 Ι,

81 2554 134 2574 —‘
146 2552 223 2581 utile
239 2556 320 2581 esset
333 2551 353 2581 ε’
378 2551 417 2580 V.
436 2554 442 2567 ⁴
457 2551 534 2580 utile
550 2557 597 2581 est
612 2552 618 2564 '
640 2553 680 2581 D.
897 2553 958 2582 and
977 2553 1030 2582 the
1047 2558 1130 2588 note,
1149 2553 1220 2583 Vol.
1238 2554 1279 2583 iii.
1294 2566 1300 2589 ;
1330 2554 1386 2583 Pro
1407 2555 1542 2589 Plancio,
1556 2565 1581 2584 e.
1599 2556 1650 2585 21.

123 2596 151 2624 si
168 2595 226 2625 tibi
242 2595 353 2630 antea]
407 2594 527 2632 During
554 2595 696 2625 Caesar’s
720 2605 851 2634 usui-pn.-
941 2596 980 2625 L.
1002 2595 1142 2635 Opimio]
1188 2597 1238 2626 lle
1255 2607 1315 2626 was
1332 2597 1386 2626 the
1402 2608 1473 2626 mnn
1491 2598 1559 2627 who
1578 2597 1670 2626 killed

81 2637 265 2667 tion—‘de
281 2637 334 2666 illo
351 2637 478 2666 homine
492 2637 510 2663 :¹
536 2636 660 2666 Caesar.
901 2638 937 2668 C.
965 2639 1135 2675 Gracchus,
1163 2639 1223 2668 and
1256 2639 1295 2669 lie
1325 2641 1350 2669 is
1377 2650 1438 2669 one
1468 2641 1503 2670 of
1533 2639 1670 2670 Ciceros

125 2681 271 2710 Honor-ta
303 2681 423 2716 oratio]
473 2679 501 2708 A
531 2681 620 2709 usual
652 2681 832 2720 expression
849 2692 856 2716 ;
900 2681 1046 2711 worthies
1063 2681 1116 2720 (In
1135 2682 1205 2712 Cat.
1220 2683 1239 2711 i.
1257 2693 1282 2712 e.
1300 2684 1330 2715 2.
1347 2683 1406 2712 und
1426 2683 1479 2712 the
1496 2683 1597 2718 note).
1634 2682 1670 2710 ln

81 2723 159 2752 asin
176 2723 315 2752 Terence
326 2721 423 2756 (And.
438 2722 456 2750 i.
475 2723 501 2756 l,
514 2732 541 2751 ν.
560 2723 569 2751 l
584 2722 633 2761 14)
649 2735 655 2752 τ
682 2727 700 2739 “
716 2723 858 2753 Honesta
902 2723 964 2754 this
981 2734 1095 2764 upronr
1109 2724 1154 2754 M.
1170 2725 1296 2755 Fulvius
1315 2725 1442 2754 Flaccus
1463 2726 1528 2755 ulso
1545 2726 1606 2753 lost
1622 2724 1670 2752 liis

82 2766 181 2795 oratio
198 2764 280 2795 est.”
303 2765 406 2794 There
423 2765 447 2793 is
463 2775 481 2793 a
497 2764 574 2793 salse
591 2765 718 2804 reading
734 2770 741 2782 ⁸
754 2766 855 2796 rutio.’
901 2767 963 2796 life.
1009 2770 1054 2797 As
1071 2772 1103 2797 to
1121 2767 1168 2797 his
1181 2771 1242 2796 two
1259 2778 1343 2802 sons.
1358 2779 1408 2797 see
1424 2769 1460 2797 In
1478 2769 1546 2797 Cat.
1566 2768 1573 2795 i
1601 2777 1625 2795 e.
1640 2769 1669 2800 2,

81 2807 151 2838 The
167 2812 228 2839 two
245 2807 345 2837 words
361 2817 413 2836 ure
429 2807 515 2836 often
531 2807 740 2838 consounded.
896 2809 958 2839 and
982 2810 1036 2840 the
1052 2813 1145 2847 note;
1170 2810 1231 2840 and
1251 2810 1290 2840 In
1308 2812 1378 2841 Cat.
1396 2811 1435 2840 iv.
1453 2820 1480 2840 c.
1494 2813 1524 2847 (i,
1541 2809 1601 2838 und
1616 2809 1670 2838 tho

126 2860 198 2881 sene
214 2849 360 2889 auctore]
388 2849 428 2885 V,
447 2849 552 2879 Halm.
590 2850 620 2879 D
636 2851 730 2880 omits
758 2854 765 2868 ‘
778 2861 852 2880 auc·
896 2856 981 2883 note.

82 2893 228 2924 tore.'—‘
243 2893 278 2923 P.
296 2892 429 2922 Nasicae
441 2891 460 2922 2’
485 2892 556 2922 who
579 2892 674 2922 killed
689 2893 738 2923 Ti.
756 2893 852 2924 Grac-
