1816 3211
662 233 796 275 GAP.
829 234 1011 276 12—14.
1553 239 1638 282 307

41 346 66 372 *
98 347 122 372 *
155 360 240 389 Quo
281 361 343 387 EA
386 361 587 389 PECUNIA
629 361 938 398 PERVENERIT,
981 361 1065 389 non
1105 347 1191 389 suis
1234 348 1414 404 propriis
1452 349 1633 403 judiciis,

38 412 113 452 sed
144 411 187 452 in
212 426 332 452 reum
355 412 456 454 facti
490 413 758 454 condemnari
789 413 939 454 solent.
1003 413 1157 468 Itaque
1189 413 1225 454 si
1252 418 1327 454 aut
1356 415 1533 469 praedes
1566 416 1636 456 de-

39 476 170 518 disset
200 477 416 527 Gabinius,
449 486 524 519 aut
555 483 724 520 tantum
749 493 801 519 ex
837 479 928 533 ejus
960 478 1081 519 bonis
1113 483 1271 534 quanta
1305 493 1469 520 summa
1499 479 1637 521 litium

37 542 186 584 fuisset
220 543 398 598 populus
434 544 673 600 recepisset,
711 544 897 600 quamvis
932 559 1086 599 magna
1120 545 1173 585 ad
1213 545 1465 586 Postumum
1499 546 1553 586 ab
1586 560 1635 587 eo

37 607 215 663 pecunia
234 609 502 663 pervenisset,
525 624 608 650 non
629 610 917 665 redigeretur;
952 615 1000 650 ut
1020 609 1196 664 intelligi
1216 610 1335 651 facile
1356 610 1503 665 possit,
1524 611 1636 665 quod

38 687 91 713 ex
111 688 161 714 ea
180 674 368 728 pecunia,
393 689 517 729 quam
539 675 698 729 ceperit
727 675 763 715 is
792 675 861 729 qui
883 675 1106 715 damnatus
1126 680 1204 723 est,
1228 675 1466 729 pervenisse
1486 677 1539 716 ad
1562 676 1635 716 ali-

39 753 163 793 quem
194 739 262 778 illo
288 739 421 793 primo
448 739 607 792 judicio
629 740 798 793 planum
828 740 990 779 factum
1024 740 1092 789 sit,
1128 739 1171 780 id
1201 740 1282 780 hoc
1307 755 1460 794 genere
1488 740 1635 794 judicii

37 803 171 859 redigi
206 803 349 844 solere.
413 803 538 844 Nunc
559 818 657 844 vero
689 804 788 858 quid
819 804 972 859 agitur,
1005 803 1077 845 ubi
1107 810 1315 845 terrarum
1345 819 1501 855 sumus,
1537 806 1636 860 quid

38 873 126 909 tam
147 883 388 924 perversum
408 874 776 923 praeposterumve
798 869 880 910 dici
901 874 977 910 aut
1001 869 1234 923 excogitari
1265 871 1436 924 potest?
1496 870 1636 911 Accu-

38 933 215 975 saturis
236 933 306 989 qui
335 948 420 974 non
449 933 625 975 abstulit
655 948 680 975 a
711 949 822 988 rege,
844 933 956 975 sicut
979 934 1184 975 Gabinius
1211 935 1428 988 judicatus
1461 940 1538 985 est,
1563 936 1636 976 sed

39 999 109 1053 qui
130 999 353 1040 maximam
385 999 474 1053 regi
504 999 725 1054 pecuniam
747 1000 939 1040 credidit.
1001 999 1119 1055 Ergo
1151 1000 1186 1040 is
1209 999 1389 1040 Gabinio
1412 1000 1541 1050 dedit,
1566 1000 1636 1055 qui

38 1080 122 1105 non
152 1065 249 1106 huic
281 1065 477 1106 reddidit.
539 1062 640 1105 Jam
674 1065 791 1114 cedo,
827 1080 955 1120 quum
991 1064 1038 1115 is,
1070 1066 1140 1121 qui
1175 1065 1395 1120 pecuniam
1431 1065 1636 1106 Postumo

38 1129 196 1179 debuit,
219 1145 304 1170 non
334 1130 431 1171 huic
461 1131 535 1171 sed
569 1130 750 1171 Gabinio
776 1130 952 1181 dederit,
977 1131 1255 1172 condemnato
1279 1130 1472 1181 Gabinio,
1497 1135 1638 1171 utrum

39 1195 108 1235 illa
128 1210 210 1250 quo
232 1210 282 1236 ea
301 1195 477 1250 pecunia
498 1196 555 1236 sit
578 1210 639 1236 an
660 1210 770 1236 nunc
792 1196 843 1236 de
864 1197 942 1237 ea?
1003 1195 1139 1237 XIV.
1172 1196 1236 1237 At
1263 1195 1391 1236 habet
1423 1200 1467 1237 et
1497 1196 1633 1243 celat;

40 1265 140 1301 sunt
159 1260 269 1300 enim
291 1261 361 1315 qui
389 1261 448 1301 ita
468 1261 706 1316 loquantur.
768 1261 890 1312 Quod
920 1275 1051 1315 genus
1072 1262 1244 1301 tandem
1267 1264 1332 1301 est
1362 1260 1477 1302 istud
1498 1266 1637 1302 osten-

41 1325 215 1366 tationis
242 1330 286 1366 et
314 1326 502 1380 gloriae?
565 1325 609 1366 Si
636 1325 738 1365 nihil
770 1325 985 1366 habuisset
1015 1340 1223 1380 umquam,
1253 1330 1407 1375 tamen,
1446 1325 1482 1365 si
1514 1339 1638 1380 quae-

41 1390 179 1441 sisset,
213 1405 287 1431 cur
314 1390 596 1431 dissimularet
625 1390 819 1444 [habere]
851 1404 1001 1430 caussa
1024 1405 1107 1430 non
1138 1395 1261 1431 esset.
1325 1389 1405 1441 Qui
1427 1404 1524 1431 vero
1556 1390 1636 1430 duo

40 1456 156 1496 lauta
186 1460 230 1497 et
257 1455 423 1510 copiosa
453 1455 703 1510 patrimonia
723 1455 966 1510 accepisset,
990 1469 1161 1510 remque
1193 1460 1412 1510 praeterea
1444 1455 1564 1496 bonis
1594 1460 1638 1495 et

41 1521 229 1562 honestis
250 1521 481 1562 rationibus
501 1521 699 1570 auxisset,
724 1520 821 1575 quid
853 1525 965 1562 esset
995 1521 1168 1561 tandem
1199 1534 1372 1560 caussae
1400 1534 1474 1560 cur
1495 1519 1638 1561 existi-

41 1586 144 1626 mari
169 1586 294 1626 vellet
324 1586 426 1626 nihil
457 1586 637 1627 habere?
698 1585 770 1625 An
795 1599 921 1639 quum
954 1585 1155 1626 credebat
1186 1584 1383 1626 inductus
1411 1585 1562 1631 usuris,
1595 1584 1637 1624 id

39 1651 196 1706 agebat
218 1655 268 1692 ut
297 1650 472 1692 haberet
502 1665 626 1705 quam
647 1649 900 1705 plurimum3
936 1655 1212 1705 posteaquam
1234 1649 1377 1705 exegit
1407 1651 1518 1705 quod
1550 1664 1637 1691 cre-

39 1717 216 1763 diderat,
237 1720 286 1757 ut
306 1715 619 1757 existimaretur
639 1715 792 1769 egere?
848 1714 1013 1755 Novum
1033 1729 1166 1769 genus
1188 1715 1267 1755 hoc
1296 1715 1456 1769 gloriae
1488 1730 1638 1757 concu-

38 1780 490 1838 piscit.—Dominatus
518 1784 585 1821 est
612 1780 735 1830 enim,
765 1779 914 1835 inquit,
939 1779 1434 1821 Alexandriae.—Immo
1467 1795 1565 1821 vero
1596 1780 1638 1821 in

39 1846 337 1902 superbissimo
369 1845 586 1887 dominat-u
617 1845 722 1887 fuit:
756 1844 932 1900 pertulit
964 1844 1053 1900 ipse
1082 1844 1329 1895 custodiam,
1354 1845 1458 1887 vidit
1490 1845 1531 1886 in
1552 1845 1638 1886 vin-

40 1912 144 1953 culis
164 1911 389 1953 familiares
410 1925 521 1962 suos,
546 1925 659 1952 mors
680 1911 732 1952 ob
755 1909 897 1951 oculos
918 1923 1043 1965 saepe
1064 1914 1228 1951 versata
1249 1914 1328 1959 est,
1350 1910 1489 1950 nudus
1509 1915 1637 1965 atque

38 1992 167 2033 egens
182 1977 236 2018 ad
256 1981 490 2017 extremum
507 1975 617 2030 sugit
637 1990 659 2017 e
678 1974 948 2031 regno—At
968 1979 1207 2029 permutata
1223 1974 1446 2030 aliquando
1463 1975 1639 2030 pecunia

860 2106 923 2136 and
948 2105 1056 2143 Halm,
1082 2106 1152 2137 who
1177 2106 1286 2137 thinks
1312 2106 1382 2136 that
1406 2106 1461 2137 the
1481 2106 1574 2136 order
1603 2106 1637 2137 in

859 2149 915 2179 the
937 2153 1006 2179 text
1028 2150 1054 2179 is
1070 2153 1212 2190 corrupt,
1230 2150 1293 2180 and
1314 2149 1480 2189 corrupted
1499 2149 1638 2189 through

858 2193 943 2222 what
959 2192 1089 2222 follows.

903 2237 960 2265 illa
977 2245 1037 2273 quo
1055 2258 1062 2265 .
1081 2257 1089 2266 .
1107 2257 1115 2265 .
1133 2236 1172 2265 de
1186 2235 1238 2275 ea]
1265 2234 1342 2266 This
1354 2235 1380 2265 is
1396 2238 1535 2275 corrupt.

906 2279 955 2309 14.
979 2279 1007 2308 si
1023 2279 1210 2318 quaesisset]
1239 2278 1390 2308 Patricius
1408 2277 1575 2317 suggested
1589 2280 1596 2295 ‘
1610 2278 1636 2308 si

859 2320 1121 2361 acquisisset.'—‘
1134 2321 1326 2351 Dominatus
1346 2325 1393 2351 est
1409 2322 1492 2350 euim
1509 2321 1528 2350 :’
1552 2331 1638 2351 com-

85 2118 155 2141 aoo
173 2131 180 2138 .
199 2131 207 2138 .
225 2130 232 2138 .
248 2106 366 2145 solent]
392 2105 461 2136 The
473 2108 620 2136 sentence
635 2105 661 2136 is
677 2108 816 2146 corrupt.

39 2152 223 2183 Mommsen
239 2159 390 2190 proposes
405 2152 439 2178 to
463 2149 542 2180 omit
563 2152 570 2166 ⁶
584 2149 679 2187 facti,'
703 2149 766 2179 and
781 2153 815 2179 to

40 2195 114 2226 read
131 2198 139 2212 ⁴
153 2196 185 2225 in
201 2193 286 2224 rem’
311 2193 344 2222 in
360 2193 448 2231 place
464 2191 499 2221 of
513 2196 520 2208 ⁴
534 2192 566 2221 in
587 2192 699 2222 reum.7
745 2192 815 2222 The

40 2238 188 2276 meaning
212 2237 248 2267 of
270 2236 354 2265 what
378 2234 488 2265 Cicero
510 2234 636 2264 intends
662 2237 696 2264 to
719 2244 774 2274 say
788 2235 815 2265 is

39 2281 118 2312 this:
145 2284 152 2298 ⁴
168 2281 207 2310 In
235 2282 365 2308 matters
389 2282 421 2307 to
448 2277 549 2307 which
576 2277 631 2307 the
657 2277 760 2307 clause
784 2277 820 2307 of

41 2325 96 2354 the
126 2323 193 2353 Lex
224 2322 296 2354 Quo
321 2323 378 2350 διο.
413 2320 545 2359 applies,
575 2320 600 2349 it
630 2320 656 2350 is
679 2324 736 2350 not
761 2320 816 2350 the

40 2367 177 2407 practice
192 2365 240 2395 for
254 2364 318 2393 him
329 2366 362 2393 to
379 2363 481 2392 whom
498 2362 551 2392 the
566 2363 633 2393 rule
648 2363 767 2402 applies
782 2366 816 2393 to

40 2410 81 2440 be
96 2409 176 2439 tried
202 2407 265 2437 and
292 2405 486 2435 condemned
513 2415 554 2435 on
575 2415 594 2434 a
619 2406 690 2436 trial
713 2406 750 2435 of
767 2406 816 2436 his

41 2451 135 2482 own.’
173 2450 243 2480 The
259 2453 335 2478 next
351 2452 498 2478 sentence
513 2449 654 2488 explains
666 2449 702 2478 it.
747 2449 816 2479 The

42 2495 201 2532 following
235 2491 347 2526 words,
384 2495 391 2507 ‘
406 2491 539 2530 pecunia
569 2501 664 2531 quam
700 2492 818 2531 ceperit

42 2538 68 2568 is
85 2538 138 2577 qui
159 2537 327 2566 damnatus
342 2539 391 2563 est
414 2534 592 2573 pervenisse
615 2534 654 2564 ad
679 2534 816 2574 aliquem

43 2580 74 2609 in
90 2579 168 2615 illo‚’
192 2588 245 2608 are
260 2577 315 2607 the
331 2577 459 2615 reading
471 2576 507 2606 of
526 2576 681 2616 Cujacius,
699 2577 816 2617 quoted

44 2622 86 2662 by
103 2622 210 2652 Halm.
258 2620 273 2650 1
289 2620 330 2649 do
352 2623 409 2649 not
423 2619 516 2648 know
540 2629 581 2649 on
598 2620 682 2650 what
703 2620 815 2650 autho-

42 2666 104 2704 rity
123 2665 178 2694 the
204 2667 292 2703 great
309 2661 513 2701 jurisconsult
542 2666 638 2692 wrote
658 2662 731 2698 this,
759 2663 817 2693 but

43 2708 179 2748 perhaps
195 2707 234 2736 he
261 2706 321 2735 had
339 2714 425 2735 some
441 2704 611 2744 authority.
657 2705 816 2744 Madvig’s

43 2750 245 2781 emendation
270 2747 405 2786 adopted
420 2747 462 2786 by
481 2747 575 2776 Halm
601 2747 626 2777 is
650 2757 760 2777 nearer
783 2752 816 2778 to

43 2794 100 2824 the
115 2793 233 2828 MSS.;
257 2791 316 2821 but
339 2791 394 2819 the
418 2789 566 2828 meaning
592 2789 618 2819 is
632 2789 687 2819 the
713 2799 816 2820 same:

45 2839 53 2854 ⁸
65 2845 104 2866 ex
119 2846 156 2866 ea
170 2834 313 2875 pecunia,
331 2842 393 2872 qua
419 2842 543 2862 reorum
559 2831 629 2871 quis
652 2832 819 2862 damnatus

45 2879 98 2914 sit,
127 2878 305 2918 pervenisse
326 2875 365 2905 ad
385 2875 521 2914 aliquem
548 2874 581 2903 in
610 2873 819 2905 Mol—‘tam

46 2925 284 2961 praeposterum
301 2919 361 2949 dici
376 2918 395 2947 :⁷
422 2917 529 2947 Halm.

89 2973 152 2994 non
168 2963 260 3003 huic]
284 2961 394 2997 codd.;
420 2964 427 2977 ¹
439 2960 513 2990 huic
529 2957 613 2990 non’
631 2958 816 2996 Lambinus,

860 2373 936 2402 pare
951 2363 1092 2393 “Adimo
1102 2363 1318 2399 enim,''Verr.
1332 2364 1363 2393 ii
1385 2365 1411 2400 1,
1429 2374 1455 2393 c.
1468 2366 1498 2399 9,
1511 2364 1570 2393 and
1584 2364 1638 2393 the

860 2410 935 2436 note
949 2418 956 2442 ;
979 2406 1045 2436 also
1060 2406 1119 2436 Pro
1128 2406 1220 2437 Rosc.
1232 2407 1322 2437 Com.
1340 2417 1366 2436 c.
1378 2409 1408 2442 9,
1424 2411 1444 2423 ‘⁴
1457 2407 1637 2437 Pactionem

861 2449 944 2479 cnim
956 2448 988 2485 ;'’
1014 2449 1074 2479 Pro
1089 2449 1233 2485 Caecina,
1251 2460 1277 2479 c.
1296 2451 1326 2485 7,
1344 2450 1461 2480 “Usus
1477 2449 1598 2480 enim.''

905 2492 1094 2531 aliquando]
1120 2492 1230 2522 ‘codd.
1255 2491 1337 2522 noti'
1364 2492 1504 2532 (Halm).
1553 2492 1635 2522 Hot-

863 2544 958 2564 mann
971 2544 1042 2574 says
1054 2535 1123 2564 that
1135 2535 1183 2564 his
1194 2535 1266 2565 MS.
1279 2535 1334 2565 has
1353 2535 1516 2570 ‘aliunde‚’
1535 2534 1635 2564 which

861 2577 888 2607 is
901 2577 955 2607 the
970 2587 1118 2607 common
1135 2577 1262 2617 reading
1272 2578 1303 2608 in
1314 2579 1368 2608 the
1385 2578 1509 2617 printed
1526 2577 1636 2607 books.

861 2620 930 2650 The
953 2624 1021 2650 text
1037 2620 1062 2650 is
1079 2619 1221 2650 obscure.
1266 2621 1335 2650 The
1344 2625 1506 2651 accusator
1522 2621 1547 2650 is
1563 2630 1636 2659 sup-

860 2663 956 2702 posed
980 2667 1012 2692 to
1037 2673 1091 2703 say
1107 2663 1190 2693 this:
1228 2663 1300 2693 ‘He
1324 2668 1378 2702 got
1405 2674 1518 2703 money
1535 2673 1637 2692 some-

860 2704 954 2735 timo’
979 2706 1010 2735 in
1035 2706 1194 2745 exchange
1218 2705 1265 2735 sor
1288 2706 1505 2735 commodities
1537 2705 1637 2734 which

861 2748 902 2778 he
917 2748 1055 2787 brought
1070 2748 1151 2778 from
1171 2749 1286 2788 Egypt,
1304 2759 1340 2779 or
1362 2749 1463 2778 which
1480 2748 1541 2778 had
1558 2748 1636 2776 been

862 2790 1000 2829 brought
1029 2795 1062 2821 to
1091 2791 1214 2821 Puteoli
1239 2791 1302 2821 and
1326 2801 1406 2821 were
1429 2790 1573 2828 assigned
1604 2792 1636 2817 to

864 2833 1012 2863 Rabirius
1027 2834 1059 2863 in
1080 2837 1232 2873 paymeut
1258 2834 1294 2864 of
1314 2834 1362 2863 his
1389 2832 1534 2862 demand.
1583 2831 1637 2877 Ριξ-

863 2885 972 2915 pyruS,
989 2876 1085 2912 linem
1102 2877 1194 2915 ghrss,
1211 2876 1274 2906 and
1300 2876 1424 2905 various
1449 2875 1539 2903 other
1562 2876 1636 2901 nru-

862 2918 924 2948 cles
940 2928 1020 2948 were
1036 2919 1193 2958 imported
1209 2919 1289 2948 from
1313 2918 1429 2956 Egypt.
1474 2916 1542 2945 The
1569 2922 1636 2942 vcs-

862 2960 923 2991 sels
938 2960 1018 2992 from
1045 2960 1237 2992 Alexandria
1252 2960 1328 2991 used
1345 2965 1378 2990 to
1401 2967 1490 2989 come
1516 2960 1549 2986 to
1576 2955 1636 2985 I‘u·

800 3004 886 3044 x2
