1816 3211
680 203 812 245 CAP.
846 204 911 254 10,
947 205 1012 244 11.
1562 210 1643 251 6:33

46 315 226 357 consiliis
258 319 386 370 atque
419 315 542 357 factis
577 316 679 357 nihil
717 330 793 357 nec
828 316 999 357 nimium
1034 331 1111 358 nec
1143 332 1289 372 parum
1321 333 1517 374 umquam
1549 321 1641 363 fuit.

47 381 193 421 Omnis
223 381 415 422 voluntas
449 381 511 422 M.
536 381 671 431 Bruti,
697 386 841 436 patres
872 382 1111 437 conscripti,
1142 383 1274 424 omnis
1302 384 1516 438 cogitatio,
1550 390 1643 427 tota

45 460 163 486 mens
195 446 493 486 auctoritatem
529 451 714 495 senatus,
749 446 989 487 libertatem
1028 447 1167 502 populi
1210 448 1387 489 Romani
1427 450 1638 492 intuetur:

45 510 148 551 haec
169 511 296 552 habet
317 512 545 566 proposita,
569 512 671 552 haec
693 511 801 552 tueri
822 511 924 552 vult.
987 511 1186 553 Tentavit
1207 513 1304 568 quid
1325 515 1529 569 patientia
1552 531 1642 570 per-

46 575 170 616 ficere
206 580 376 630 posset:
420 576 521 616 nihil
556 591 681 631 quum
717 577 952 631 proficeret,
989 576 1028 617 vi
1058 583 1205 618 contra
1232 578 1313 619 vim
1344 581 1642 635 experiendum

46 641 221 695 putavit.
279 640 355 681 Cui
377 640 556 695 quidem,
589 646 732 695 patres
754 641 993 696 conscripti,
1016 656 1090 682 vos
1112 642 1221 683 idem
1249 643 1327 684 hoc
1348 649 1536 700 tempore
1567 645 1641 687 tri-

45 705 173 745 buere
205 704 379 754 debetis,
411 705 521 759 quod
547 720 584 746 a.
608 706 647 746 d.
682 720 785 745 XIII.
810 705 905 746 Kal.
929 706 1030 746 Jan.
1068 707 1122 748 D.
1147 707 1281 749 Bruto
1305 708 1351 750 C.
1375 709 1545 751 Caesari
1573 726 1640 752 me

46 773 218 810 auctore
250 768 486 817 tribuistis3
522 784 697 824 quorum
730 770 941 825 privatum
977 771 1028 812 de
1064 786 1108 811 re
1139 772 1304 827 publica
1344 775 1561 815 consilium
1597 782 1642 818 et

44 834 202 876 factum
222 834 475 875 auctoritate
495 839 636 875 vestra
657 840 723 876 est
744 836 1059 890 comprobatum
1081 842 1207 892 atque
1227 837 1454 880 laudatum.
1519 840 1641 892 Quod

44 899 154 940 idem
175 900 216 940 in
242 900 303 941 M.
326 899 461 941 Bruto
496 900 634 940 facere
662 900 836 950 debetis,
859 915 885 941 a
905 916 985 955 quo
1014 901 1272 957 insperatum
1304 909 1347 944 et
1377 906 1640 959 repentinum

43 965 104 1005 rei
126 965 315 1020 publicae
346 965 599 1020 praesidium
628 965 852 1021 legionum,
886 966 1112 1020 equitatus,
1133 967 1378 1008 auxiliorum
1399 984 1576 1025 magnae
1598 977 1641 1013 et

43 1030 187 1071 firmae
209 1030 351 1084 copiae
373 1035 638 1085 comparatae
660 1037 782 1072 sunt:
817 1031 1190 1087 adjungendusque
1211 1039 1277 1074 est
1301 1033 1350 1085 Q.
1368 1034 1637 1087 Hortensius,

43 1094 113 1150 qui
134 1109 260 1150 quum
284 1095 578 1136 Macedoniam
601 1096 822 1146 obtineret,
845 1096 1082 1150 adjutorem
1103 1111 1147 1138 se
1171 1097 1304 1139 Bruto
1326 1100 1378 1139 ad
1400 1115 1638 1156 comparan-

43 1160 141 1200 dum
173 1161 404 1202 exercitum
434 1160 679 1201 fidissimum
707 1170 749 1202 et·
771 1161 1156 1202 constantissimum
1189 1164 1393 1217 praebuit.
1456 1165 1563 1205 Nam
1587 1167 1639 1207 de

46 1225 110 1266 M.
134 1225 313 1281 Apuleio
335 1226 562 1281 separatim
585 1240 732 1266 censeo
763 1226 1038 1276 referendum,
1061 1227 1126 1268 cui
1149 1228 1272 1269 testis
1294 1234 1357 1270 est
1379 1244 1454 1285 per
1473 1231 1638 1273 litteras

46 1290 108 1332 M.
134 1290 293 1332 Brutus
313 1306 406 1332 eum
428 1291 659 1346 principem
680 1291 808 1331 fuisse
829 1292 883 1331 ad
906 1297 1103 1333 conatum
1125 1294 1334 1335 exercitus
1355 1297 1635 1350 comparandi.

45 1355 162 1407 Quae
189 1371 317 1411 quum
345 1356 404 1397 ita
436 1356 532 1405 sint,
557 1356 668 1411 quod
692 1354 738 1396 C.
764 1355 903 1396 Pansa
938 1358 1081 1398 consul
1111 1360 1237 1399 verba
1268 1359 1368 1401 fecit
1396 1360 1446 1400 de
1468 1360 1634 1411 litteris,

42 1435 146 1476 quae
166 1436 190 1461 a
213 1422 263 1473 Q.
287 1420 494 1475 Caepione
518 1421 652 1462 Bruto
674 1435 748 1475 pro
771 1421 939 1462 consule
969 1422 1119 1463 allatae
1141 1430 1185 1464 et
1206 1423 1248 1464 in
1269 1424 1346 1465 hoc
1369 1425 1512 1467 ordine
1533 1427 1636 1467 reci—

40 1490 155 1527 tatae
177 1490 288 1536 sunt,
313 1486 363 1526 de
385 1500 434 1526 ea
458 1501 501 1526 re
522 1486 583 1527 ita
603 1500 775 1527 censeo:
813 1486 948 1538 Quum
973 1486 1022 1538 Q.
1047 1487 1268 1543 Caepionis
1297 1490 1419 1531 Bruti
1441 1506 1516 1546 pro
1540 1507 1637 1533 con-

40 1551 129 1592 sule
151 1565 290 1606 opera,
315 1550 500 1599 consilio,
523 1550 740 1600 industria,
765 1551 920 1592 virtute
949 1552 1187 1594 difficillimo
1219 1555 1278 1595 rei
1310 1556 1499 1610 publicae
1531 1562 1636 1599 tem-

38 1631 140 1671 pore
160 1615 375 1671 provincia
398 1616 652 1656 Macedonia
682 1621 725 1657 et
756 1616 968 1671 Illyricum
1002 1623 1045 1658 et
1076 1624 1228 1660 cuncta
1251 1620 1441 1671 Graecia,
1466 1628 1509 1663 et
1534 1622 1634 1678 legi-

39 1696 152 1730 ones,
175 1680 397 1729 exercitus,
427 1680 642 1735 equitatus
672 1681 714 1721 in
743 1682 970 1731 consulum,
993 1689 1165 1725 senatus
1199 1686 1422 1740 populique
1457 1686 1634 1728 Romani

37 1750 254 1802 potestate
276 1746 372 1796 sint,
403 1746 444 1786 id
477 1746 527 1798 Q.
552 1745 803 1800 Caepionem
839 1746 1017 1787 Brutum
1045 1763 1120 1802 pro
1144 1750 1311 1790 consule
1340 1751 1445 1792 bene
1471 1757 1514 1793 et
1536 1768 1558 1793 e
1589 1768 1634 1795 re

36 1811 204 1867 publica
225 1825 298 1866 pro
319 1825 395 1852 sua
414 1811 701 1865 majorumque
733 1825 902 1852 suorum
934 1812 1142 1867 dignitate
1171 1816 1553 1872 consuetudineque
1575 1818 1634 1859 rei

36 1876 227 1931 publicae
248 1877 353 1917 bene
373 1876 580 1932 gerendae
601 1875 759 1925 fecisse,
775 1891 867 1917 eam
888 1892 976 1917 rem
997 1879 1162 1920 senatui
1183 1881 1420 1936 populoque
1442 1881 1634 1924 Romano

36 1945 202 1995 gratam
232 1955 323 1982 esse
344 1946 387 1982 et
408 1941 522 1988 fore3
547 1940 690 1995 utique
714 1940 764 1992 Q.
784 1941 939 1997 Caepio
956 1942 1115 1984 Brutus
1135 1946 1358 1998 proconsul
1379 1947 1633 2001 provinciam

39 2005 347 2054 Macedoniam,
380 2005 592 2060 Illyricum
633 2011 910 2061 cunctamque
948 2007 1169 2049 Graeciam
1201 2014 1384 2060 tueatur,
1419 2012 1629 2062 defendat,

34 2070 249 2111 custodiat
281 2069 609 2124 incolumemque
642 2076 873 2121 conservet,
897 2071 1016 2126 eique
1049 2074 1251 2115 exercitui
1277 2089 1399 2129 quem
1424 2076 1512 2131 ipse
1535 2092 1630 2118 con-

33 2134 188 2184 stituit,
212 2134 484 2189 comparavit,
507 2133 676 2189 praesit,
700 2135 1000 2190 pecuniamque
1032 2137 1085 2177 ad
1117 2152 1204 2177 rem
1235 2139 1468 2188 militarem,
1492 2141 1526 2180 si
1549 2156 1630 2196 qua

33 2213 138 2254 opus
158 2199 226 2250 sit,
251 2213 355 2253 quae
386 2198 551 2254 publica
581 2199 638 2240 sit
659 2204 702 2240 ct
724 2199 833 2253 exigi
865 2200 1011 2254 possit,
1044 2206 1200 2251 utatur,
1234 2203 1390 2257 exigat,
1414 2206 1628 2258 pecunias—

34 2279 115 2319 que
135 2279 160 2305 a
181 2264 331 2320 quibus
352 2264 545 2306 videatur
564 2265 618 2305 ad
640 2279 727 2305 rem
748 2265 970 2305 militarem
989 2270 1155 2307 mutuas
1181 2274 1332 2318 sumat,
1356 2269 1628 2312 frumentum-

80 2424 128 2453 ll.
146 2433 174 2453 α.
189 2423 220 2453 d.
237 2433 319 2453 XIII.
337 2424 413 2454 Kal.
430 2423 524 2463 Jan.]
572 2423 679 2453 When
696 2423 736 2452 he
752 2423 806 2453 ‹le-

35 2465 150 2496 livered
166 2466 221 2496 the
238 2466 336 2495 Third
355 2466 517 2505 Philippic.
565 2466 624 2496 See
640 2476 670 2505 p.
688 2468 762 2496 535.

76 2509 125 2538 M.
155 2509 312 2548 Apuleio]
371 2509 509 2548 Appian,
542 2508 579 2538 B.
608 2509 644 2539 C.
682 2509 721 2537 iv.
755 2510 805 2544 75,

850 2423 997 2454 vcsscls.”
1044 2422 1102 2455 Sec
1121 2426 1257 2465 Appian.
1276 2428 1313 2457 B.
1329 2428 1365 2459 C.
1382 2429 1424 2459 iii.
1442 2431 1494 2461 63.

899 2468 935 2502 Q.
968 2468 1124 2506 Caepione
1155 2470 1276 2510 Bruto]
1336 2472 1383 2501 M.
1412 2473 1529 2503 Brutus
1560 2484 1622 2504 was

850 2509 986 2549 adopted
1012 2510 1052 2550 by
1078 2511 1126 2541 his
1153 2513 1305 2544 mother-’s
1333 2514 1463 2545 brother
1487 2517 1527 2549 Q.
1552 2518 1621 2546 Ser-

32 2551 144 2590 spcaks
168 2551 204 2580 of
225 2551 346 2580 Brutus
369 2551 527 2589 receiving
552 2551 630 2580 from
654 2551 807 2590 Apuleius

31 2603 120 2623 some
146 2596 267 2632 troops.
315 2594 373 2623 Sec
399 2594 477 2623 Phil.
500 2594 563 2623 xiii.
584 2604 611 2623 c.
633 2595 681 2623 16.
731 2594 802 2623 Plu-

29 2636 119 2666 tar-ch
148 2636 334 2675 (Brutus,c.
353 2635 409 2674 24)
441 2646 542 2666 seems
572 2640 605 2665 to
635 2636 739 2666 allude
769 2639 802 2666 to

28 2679 94 2708 this
118 2679 282 2717 Apuleius,
314 2678 435 2717 though
467 2678 506 2708 he
533 2678 608 2708 calls
639 2679 704 2708 him
736 2679 803 2709 An-

28 2721 133 2751 tistius
159 2720 200 2760 (c.
220 2720 296 2759 25):
325 2724 343 2737 “
360 2721 478 2751 Brutus
499 2721 629 2759 hearing
652 2721 721 2751 that
739 2722 802 2751 Ro-

30 2774 103 2794 man
120 2764 235 2793 vessels
252 2763 309 2793 full
330 2763 365 2793 of
377 2773 490 2803 money
508 2773 588 2793 were
604 2764 716 2803 sailing
730 2774 804 2794 over

29 2806 111 2836 from
142 2806 228 2842 Asia,
261 2806 336 2835 with
367 2816 385 2835 a
415 2806 617 2836 commander
641 2816 681 2836 on
708 2807 803 2837 board

30 2849 102 2879 who
122 2859 185 2879 was
211 2859 251 2878 an
277 2849 391 2879 honest
414 2858 498 2884 man,
520 2859 559 2878 an
579 2850 805 2889 acquaintance

29 2891 65 2921 of
91 2892 151 2927 his,
179 2895 244 2922 met
270 2891 335 2921 him
364 2901 439 2921 near
466 2891 616 2931 Carystus
644 2892 706 2922 and
731 2902 798 2931 pcr-

30 2933 148 2964 suaded
164 2934 229 2964 him
246 2934 308 2964 and
324 2933 472 2965 obtained
488 2944 507 2964 a
522 2934 687 2965 sui-render
701 2935 737 2965 of
749 2936 803 2966 the

851 2552 943 2582 vilius
968 2553 1096 2592 Caepio,
1121 2555 1182 2584 and
1205 2556 1303 2586 hence
1328 2557 1366 2587 he
1391 2559 1416 2587 is
1441 2560 1621 2590 sometimes

848 2594 946 2624 called
974 2596 1014 2628 Q.
1032 2596 1149 2636 Caepio
1178 2598 1296 2629 Brutus
1325 2601 1462 2638 (Cicero,
1481 2602 1529 2632 Ad
1550 2603 1619 2632 Div.

848 2637 899 2667 vii.
918 2639 955 2668 21
971 2650 978 2674 ;
1007 2639 1056 2668 Ad
1074 2640 1142 2670 Act.
1160 2641 1192 2670 ii.
1210 2642 1277 2680 24).
1327 2643 1485 2674 Ferrarius
1509 2650 1620 2684 quotes

847 2681 978 2710 amedal
990 2682 1065 2711 with
1078 2683 1131 2712 the
1147 2684 1329 2724 inscription
1343 2698 1349 2715 ε
1370 2696 1396 2716 1..
1412 2696 1501 2716 εκεῖ.
1517 2697 1618 2721 vanu.

848 2732 887 2753 on
915 2733 974 2753 one
999 2725 1074 2760 side,
1097 2726 1158 2755 and
1185 2737 1227 2757 on
1249 2728 1303 2758 the
1327 2729 1416 2759 other
1441 2739 1473 2761 α.
1492 2739 1619 2760 οΛκιίυ

850 2775 985 2796 navrvs
1005 2777 1145 2798 raneos.

897 2809 933 2845 Q.
955 2809 1069 2849 Caepio
1088 2812 1211 2841 Brutus
1228 2814 1421 2853 proconsul]
1449 2814 1487 2843 V.
1523 2814 1617 2843 Halm

849 2851 952 2882 writes
970 2855 1045 2891 ‘pro
1062 2854 1213 2884 consule.’

883 2896 1118 2935 pecuniamque
1143 2897 1186 2926 ad
1204 2898 1286 2937 rem]
1318 2900 1532 2937 ‘pecuniaque
1561 2899 1618 2928 uli-

848 2940 925 2976 quot
936 2937 980 2977 (?)
998 2938 1087 2968 codd.
1102 2939 1192 2970 dett)
1210 2940 1351 2980 (Halm).
