1816 3211
676 161 808 204 CAP.
842 164 965 204 1—3.
1539 164 1618 204 625

17 275 224 326 omittam,
248 275 327 316 hoc
348 279 476 326 certe,
500 276 611 331 quod
632 275 733 316 mihi
761 275 987 316 maximam
1008 274 1327 316 admirationem
1347 280 1498 325 movet,
1531 291 1615 317 non

17 342 180 382 tacebo.
243 342 364 394 Quod
395 346 461 382 est
493 341 571 382 tibi
607 355 702 382 cum
728 341 875 383 Brutis
903 341 1086 381 bellum?
1118 355 1190 381 cur
1222 355 1307 390 eos,
1337 356 1440 395 quos
1473 356 1617 382 omnes

17 421 148 462 paene
170 406 355 447 venerari
378 407 586 458 debemus,
610 407 724 457 solus
745 409 989 462 oppugnas?
1021 407 1200 447 alterum
1217 406 1512 447 circumsederi
1533 421 1616 447 non

16 472 192 512 moleste
213 472 309 520 fers,
327 471 508 512 alterum
529 477 603 512 tua
624 472 835 513 sententia
865 471 1018 526 spolias
1048 472 1099 513 iis
1130 472 1273 527 copiis,
1297 486 1400 526 quas
1421 471 1510 526 ipse
1538 485 1614 512 suo

17 536 160 577 labore
190 541 234 576 et
268 536 452 591 periculo
473 537 528 576 ad
558 537 618 577 rei
649 536 852 591 publicae,
876 551 959 577 non
980 537 1034 576 ad
1055 551 1178 577 suum
1199 536 1454 591 praesidium
1476 551 1550 592 per
1571 551 1616 578 se

17 601 131 641 nullo
152 601 378 655 adjuvante
399 601 604 655 perfecit?
666 601 746 652 Qui
768 607 834 641 est
862 601 942 641 iste
963 606 1063 642 tuus
1085 616 1244 651 sensus,
1269 615 1375 656 quae
1397 602 1615 656 cogitatio,

19 666 176 706 Brutos
207 670 255 706 ut
286 680 369 706 non
405 667 569 720 probes,
600 666 814 706 Antonios
847 668 1030 721 probes?
1061 682 1165 722 quos
1200 681 1342 707 omnes
1378 667 1617 708 carissimos

18 731 189 779 habent,
212 736 259 771 tu
282 730 448 771 oderis?
479 745 583 785 quos
614 731 882 771 acerbissime
914 731 1042 772 ceteri
1075 733 1266 781 oderunt,
1289 737 1337 772 tu
1365 733 1617 773 constantis-

20 797 124 837 sime
157 796 332 850 dihgas?
392 795 693 850 Amplissimae
734 796 812 836 tibi
852 796 1046 837 fortunae
1079 803 1191 846 sunt,
1228 812 1414 838 summus
1447 796 1617 837 honoris

20 862 190 917 gradus,
213 861 335 909 filius,
358 865 408 901 ut
429 866 472 902 et
492 861 616 901 audio
646 866 689 902 et
720 876 857 916 spero,
880 869 1004 902 natus
1026 862 1078 902 ad
1109 863 1288 913 laudem,
1311 863 1377 903 cui
1408 877 1536 917 quum
1557 862 1616 902 rei

19 926 210 982 publicae
232 940 379 966 caussa
406 926 538 975 faveo,
562 932 654 967 tum
675 926 802 967 etiam
831 932 917 967 tua.
981 927 1144 979 Quaero
1172 927 1301 982 igitur
1322 942 1471 968 eumne
1493 927 1617 967 Bruti

19 992 196 1032 similem
216 991 334 1032 malis
355 1006 409 1031 an
432 992 608 1032 Antonii
626 993 638 1032 Ξ
668 1007 717 1033 ac
740 992 939 1047 permitto
961 996 1009 1032 ut
1030 993 1080 1032 de
1105 992 1242 1034 tribus
1265 992 1465 1034 Antoniis
1486 992 1616 1046 eligas

20 1072 143 1112 quem
177 1057 293 1099 velis.
354 1056 412 1097 Di
445 1057 628 1107 meliora,
664 1057 840 1112 inquies.
903 1056 989 1098 Cur
1021 1057 1151 1112 igitur
1186 1073 1269 1098 non
1304 1058 1354 1099 iis
1386 1058 1512 1107 faves,
1545 1071 1616 1098 eos

19 1124 177 1172 laudas,
210 1138 387 1178 quorum
414 1123 588 1164 similem
611 1128 730 1164 tuum
752 1123 881 1163 filium
909 1138 1000 1164 esse
1025 1124 1117 1164 vis?
1180 1124 1313 1165 Simul
1345 1124 1454 1165 enim
1482 1129 1526 1164 et
1556 1123 1616 1164 rei

20 1188 209 1243 publicae
237 1188 440 1238 consules,
475 1192 519 1229 et
551 1203 758 1243 propones
790 1188 847 1229 illi
881 1189 1071 1244 exempla
1102 1189 1156 1230 ad
1191 1189 1455 1230 imitandum.
1517 1188 1616 1229 Hoc

20 1268 130 1302 vero,
156 1253 205 1305 Q.
227 1253 336 1303 Fufi,
361 1253 482 1308 cupio
503 1253 592 1294 sine
614 1253 840 1294 offensione
862 1259 1031 1295 nostrae
1052 1254 1262 1295 amicitiae
1283 1254 1341 1294 sic
1363 1259 1502 1294 tecum
1523 1259 1571 1294 ut
1591 1268 1617 1294 a

21 1325 65 1360 te
87 1319 337 1360 dissentiens
353 1324 523 1359 senator
539 1319 653 1374 queri
670 1337 680 1367 3
716 1319 775 1359 ita
792 1319 902 1359 enim
919 1319 1062 1360 dixisti
1084 1324 1127 1360 et
1144 1319 1311 1374 quidem
1329 1319 1379 1360 de
1401 1319 1618 1374 scripto—

22 1399 118 1425 nam
142 1390 183 1426 te
210 1384 349 1439 inopia
370 1384 484 1425 verbi
515 1384 677 1439 lapsum
699 1390 901 1438 putarem,
930 1384 1028 1439 [nisi
1061 1390 1178 1426 tuam
1206 1385 1248 1425 in
1279 1384 1456 1426 dicendo
1489 1384 1617 1425 facul-

22 1454 154 1491 tatem
194 1449 379 1502 nossem]
402 1449 639 1490 :—litteras
673 1448 797 1490 Bruti
838 1455 954 1490 recte
990 1453 1033 1490 et
1073 1450 1217 1489 ordine
1258 1449 1438 1504 scriptas
1474 1448 1617 1489 videri.

25 1514 134 1566 Quid
162 1520 227 1556 est
253 1515 365 1555 aliud
398 1514 613 1555 librarium
647 1513 771 1554 Bruti
802 1514 983 1563 laudare,
1022 1529 1103 1554 non
1136 1514 1346 1556 Brutum?
1408 1514 1546 1555 Usum
1576 1514 1618 1554 in

22 1595 67 1620 re
88 1580 263 1634 publica,
289 1579 453 1628 Calene,
474 1593 670 1633 magnum
687 1579 777 1633 jam
799 1579 953 1619 habere
970 1586 1013 1619 et
1030 1579 1157 1619 debes
1178 1584 1219 1620 et
1242 1585 1377 1634 potes.
1440 1579 1617 1632 Quando
1651 1572 1654 1576 ⁴

23 1644 84 1686 ita
118 1644 287 1685 decerni
322 1644 491 1684 vidisti?
521 1648 596 1685 aut
630 1658 711 1698 quo
747 1644 1116 1685 senatusconsulto
1149 1644 1276 1698 hujus
1307 1645 1485 1699 generis„
1518 1650 1619 1687 sunt

22 1710 130 1751 enim
147 1709 477 1759 innumerabilia,
497 1709 601 1749 bene
619 1709 800 1764 scriptas
815 1709 979 1751 litteras
996 1709 1212 1750 decretum
1230 1724 1254 1749 a
1271 1716 1420 1751 senatu
1435 1712 1447 1751 Ξ
1495 1711 1617 1762 Quod

22 1775 195 1816 verbum
223 1774 299 1816 tibi
330 1789 413 1815 non
445 1775 615 1824 excidit,
639 1780 686 1815 ut
716 1788 841 1829 saepe
872 1774 932 1823 fit,
965 1774 1168 1815 fortuito:
1202 1775 1418 1830 scriptum,
1442 1776 1618 1817 medita-

22 1845 126 1890 tum,
151 1840 386 1896 cogitatum
406 1839 601 1882 attulisti.
665 1839 753 1881 III.
788 1840 912 1881 Hanc
933 1839 1011 1881 tibi
1036 1841 1381 1881 consuetudinem
1411 1840 1619 1896 plerisque

24 1907 65 1947 in
96 1906 223 1946 rebus
254 1905 374 1946 bonis
406 1905 673 1947 obtrectandi
707 1905 741 1946 si
772 1905 843 1960 qui
872 1905 1116 1955 detraxerit,
1151 1905 1249 1960 quid
1284 1906 1361 1947 tibi
1394 1906 1504 1961 quod
1539 1906 1620 1946 sibi

25 1969 199 2026 quisque
234 1970 333 2011 velit
373 1985 456 2011 non
495 1970 779 2026 relinquetur?

69 2087 100 2116 2.
128 2085 266 2114 alterum
296 2084 538 2123 circumsederi]
596 2083 637 2113 D.
668 2083 798 2120 Brutus,

27 2127 97 2157 who
113 2137 175 2157 was
191 2126 336 2165 besieged
352 2127 384 2156 in
402 2126 539 2156 Mutina.

61 2171 167 2210 filius,
193 2192 200 2199 .
226 2192 234 2199 .
260 2192 267 2200 .
292 2173 387 2199 uatus
414 2170 456 2199 ad
488 2169 630 2208 laudem]
690 2169 799 2198 Fufius

29 2212 166 2243 Calenus
194 2212 363 2242 continued
394 2216 427 2241 to
465 2211 504 2241 be
533 2221 551 2240 a
589 2212 728 2251 partizan
767 2211 803 2241 of

29 2256 76 2286 M.
102 2255 260 2285 Antonius
289 2255 369 2285 after
395 2254 532 2285 Cicero's
558 2254 662 2283 death.
708 2254 799 2284 After

28 2299 83 2328 ibe
106 2298 254 2328 Perusine
275 2308 338 2328 war
360 2298 438 2337 (13.c.
456 2297 512 2337 41)
531 2297 668 2327 Calenus
693 2297 754 2326 had
781 2307 799 2326 a

29 2341 112 2371 force
137 2351 211 2371 near
237 2341 291 2370 the
313 2341 403 2379 Alps,
419 2340 520 2369 which
545 2340 659 2370 Caesar
682 2340 798 2369 wished

29 2390 62 2414 to
78 2388 131 2423 get
154 2384 331 2424 possession
348 2383 389 2413 of.
437 2383 571 2413 Calenus
588 2383 658 2412 died
685 2392 798 2421 oppor-

30 2427 150 2466 tunely,
172 2426 233 2456 and
257 2427 305 2456 his
321 2436 378 2456 son
402 2426 538 2465 through
554 2426 618 2455 sear
643 2425 798 2455 delivered

30 2470 94 2500 this
110 2480 197 2509 army
214 2473 247 2499 to
264 2470 378 2499 Caesar
395 2467 547 2508 (Appian,
564 2469 599 2498 B.
612 2468 648 2498 C.
666 2479 694 2498 v.
708 2468 776 2508 51).

73 2513 119 2542 Di
135 2512 284 2551 meliora]
334 2513 392 2541 Sec
410 2512 488 2541 Phil.
506 2511 568 2541 viii.
585 2522 611 2542 c.
628 2513 658 2541 3.

75 2556 113 2585 de
127 2555 265 2594 scripto]
306 2555 356 2584 He
373 2555 445 2585 read
460 2565 479 2584 a
490 2554 613 2583 written
631 2553 801 2593 speech.—

34 2601 209 2638 ‘putarem‚
238 2598 297 2627 nisi
323 2620 330 2626 .
356 2619 364 2627 .
389 2620 397 2627 .
425 2607 550 2626 nossem
565 2596 583 2626 ι’
611 2607 629 2626 a
652 2597 671 2626 b
699 2607 719 2635 g
745 2596 800 2631 V2,

34 2640 221 2681 ‘putarem’
254 2640 294 2669 V¹
336 2644 359 2669 t.
424 2640 517 2670 llalni
564 2639 620 2669 has
657 2639 801 2679 properly

33 2683 164 2713 omitted
192 2683 280 2713 these
308 2682 418 2712 words.
469 2683 518 2712 lle
548 2692 618 2721 says
649 2683 723 2712 “At
754 2686 802 2712 est

32 2727 207 2756 sententia:
237 2729 411 2765 ’μυῖαι-ειη,
433 2725 491 2754 nisi
515 2725 554 2754 de
570 2726 686 2764 scripto
707 2725 802 2755 dixis-

32 2768 158 2799 ses.’—‘
173 2769 256 2802 Quid
287 2773 335 2798 est
363 2768 478 2798 aliudz'
504 2768 611 2800 ‘Quid
640 2772 689 2797 est
718 2768 802 2798 aliud

34 2811 151 2852 quam!
200 2812 242 2840 V²
265 2821 284 2840 a
308 2811 326 2840 b
350 2811 405 2850 g.''
451 2811 528 2840 This
555 2811 580 2840 is
610 2821 629 2840 a
658 2821 803 2840 common

34 2855 161 2894 variety.
208 2854 326 2889 Cicero,
344 2854 414 2884 who
438 2853 464 2882 is
488 2853 561 2883 fond
585 2853 621 2883 of
640 2853 804 2893 quibbling

31 2897 130 2928 about
159 2898 270 2933 words,
302 2897 383 2927 finds
421 2896 499 2927 fault
535 2896 610 2926 with
641 2900 744 2928 ‘recte
773 2901 806 2928 et

98 2954 182 2979 v01.
209 2954 268 2980 lv.

840 1971 1121 2023 Quamobrem
1156 1971 1303 2027 collige
1336 1976 1379 2012 te
1415 1971 1620 2026 placaque

843 2083 951 2113 ordine
981 2083 1114 2122 scriptas
1145 2083 1264 2118 videri‚'
1289 2093 1323 2113 as
1347 2083 1375 2112 if
1397 2083 1460 2112 this
1485 2092 1547 2112 was
1575 2091 1618 2111 no

842 2136 930 2155 more
956 2126 1033 2155 than
1065 2126 1176 2164 saying
1206 2126 1274 2155 that
1302 2125 1348 2155 M.
1372 2125 1500 2155 Brutus’
1530 2125 1615 2154 clerk

845 2168 1056 2208 (⁴1ibrarius‘)
1070 2168 1131 2198 had
1145 2169 1269 2198 written
1286 2172 1342 2197 out
1359 2169 1413 2197 the
1429 2168 1615 2207 despatches

843 2211 932 2250 fairly
955 2211 1016 2240 and
1045 2211 1168 2250 clearly.
1215 2211 1351 2240 Calenus
1382 2216 1487 2240 ineant
1513 2221 1615 2240 souue-

842 2254 934 2292 thing
957 2254 1103 2283 different
1127 2255 1207 2283 from
1234 2254 1313 2288 that.
1336 2253 1391 2283 but
1417 2254 1527 2284 Cicero
1553 2264 1616 2284 was

842 2301 898 2326 not
922 2296 1060 2326 satisfied
1085 2296 1159 2325 with
1187 2297 1242 2326 the
1270 2297 1400 2336 opinion
1425 2297 1526 2326 which
1554 2297 1616 2327 Ca-

842 2340 931 2369 lenus
954 2339 1120 2378 expressod
1143 2339 1240 2369 about
1266 2339 1393 2369 Brutus'
1419 2340 1615 2379 despatches.

845 2382 894 2412 He
918 2382 1039 2412 wanted
1063 2392 1081 2412 a
1104 2392 1190 2412 more
1215 2383 1314 2412 direct
1337 2383 1399 2413 and
1421 2383 1542 2423 plainer
1559 2393 1615 2423 ap—

842 2425 949 2464 proval
964 2425 1000 2455 of
1012 2425 1110 2455 them.

886 2470 915 2497 3.
949 2469 1027 2507 quid
1068 2468 1127 2497 tibi
1159 2490 1166 2498 .
1199 2491 1206 2498 .
1240 2491 1247 2498 .
1287 2478 1349 2498 non
1393 2468 1610 2508 relinquelur]

843 2511 982 2541 Faernus
998 2511 1161 2550 explained
1178 2511 1202 2541 it
1217 2512 1320 2550 right:
1347 2516 1365 2528 ‘¹
1379 2512 1410 2542 Si
1433 2522 1537 2542 careas
1554 2512 1615 2541 hoc

842 2554 919 2584 vitio
944 2554 1034 2584 bonis
1055 2553 1262 2589 obtrectandi,
1284 2555 1389 2585 onmia
1413 2555 1444 2584 in
1469 2560 1500 2584 te
1521 2559 1616 2585 erunt

843 2607 923 2637 quae
938 2607 1047 2627 omnes
1064 2596 1122 2626 sibi
1143 2597 1245 2627 inesse
1269 2608 1324 2637 pro
1348 2608 1381 2627 se
1404 2598 1536 2637 quisque
1559 2608 1614 2627 ex-

843 2644 953 2679 petant-
965 2640 995 2675 ;”
1011 2640 1073 2669 and
1090 2640 1155 2669 also
1173 2640 1347 2670 Manutius.
1396 2641 1425 2670 lt
1441 2641 1467 2670 is
1484 2646 1538 2670 not
1555 2650 1614 2669 our

844 2683 923 2712 form
941 2683 976 2712 of
988 2683 1179 2722 expression.
1221 2684 1279 2713 We
1295 2684 1405 2713 should
1423 2694 1486 2722 say.
1506 2689 1512 2699 ¹
1524 2685 1614 2712 there

844 2726 905 2755 will
931 2726 1008 2756 then
1034 2726 1072 2756 be
1099 2726 1231 2764 nothing
1255 2727 1287 2756 in
1311 2737 1372 2765 you
1397 2726 1496 2756 which
1521 2735 1613 2764 every

844 2779 917 2798 man
948 2769 1050 2798 would
1089 2774 1146 2798 not
1183 2768 1222 2798 be
1251 2769 1322 2808 glad
1354 2774 1386 2799 to
1421 2767 1613 2807 possess)—

846 2815 853 2828 ⁴
866 2811 973 2841 multis
989 2812 1085 2842 uteris
1097 2810 1116 2840 ε’
1134 2811 1173 2845 V,
1192 2811 1284 2841 Halm
1298 2824 1304 2847 ;
1328 2816 1335 2828 ¹
1351 2813 1445 2841 uteris
1460 2809 1611 2839 inultum'

846 2854 887 2885 D.
935 2854 968 2884 If
985 2865 1030 2885 we
1053 2858 1137 2884 must
1161 2854 1269 2884 decide
1293 2854 1431 2884 between
1449 2853 1536 2883 these
1552 2858 1614 2882 two

845 2897 990 2937 readings
1020 2897 1061 2938 by
1091 2897 1175 2927 their
1200 2898 1301 2933 vulne,
1328 2908 1374 2927 we
1401 2900 1485 2926 must
1512 2896 1615 2935 prefer

1216 2954 1276 2980 SS
