1816 3211
44 202 127 244 332
382 200 560 242 ORAT.
595 200 714 242 PRO
748 199 796 241 T.
832 199 1029 241 ANNIO
1065 198 1307 241 MILONE

42 315 162 364 verit,
193 318 269 356 aut
299 328 348 355 00
378 329 491 355 mors
511 313 694 355 atrocior
723 313 803 353 erit
835 311 885 353 P.
910 311 1056 362 Clodii,
1087 314 1198 368 quod
1226 313 1262 354 is
1290 313 1331 354 in
1361 316 1641 358 monumentis

42 382 249 436 majorum
271 395 441 421 suorum
463 380 518 420 sit
540 378 922 420 interfectus—hoc
955 377 1064 418 enim
1096 379 1149 419 ab
1171 378 1264 420 istis
1286 393 1409 434 saepe
1431 380 1641 422 dicitur—

42 447 217 502 proinde
239 446 358 500 quasi
393 444 557 499 Appius
589 444 655 483 ille
689 442 850 483 Caecus
872 442 980 483 viam
1001 443 1235 494 muniverit,
1259 458 1342 485 non
1364 459 1444 499 qua
1464 446 1641 500 populus

42 516 246 560 uteretur,
281 511 355 551 sed
387 510 456 550 ubi
490 509 657 563 impune
690 508 753 548 sui
785 507 942 563 posteri
975 508 1340 550 latrocinarentur.
1413 509 1562 565 Itaque
1598 510 1640 550 in

43 577 190 617 eadem
221 576 302 616 ista
336 574 475 628 Appia
506 573 572 613 via
604 587 733 627 quum
764 572 1076 614 ornatissimum
1107 573 1290 628 equitem
1322 573 1558 615 Romanum
1588 575 1639 616 P.

45 640 213 682 Clodius
239 640 301 681 M.
326 638 542 693 Papirium
563 637 800 686 occidisset,
823 651 906 677 non
936 637 1018 677 fuit
1048 636 1147 677 illud
1172 638 1333 678 facinus
1354 638 1636 693 puniendum;

42 705 165 746 homo
189 704 296 745 enim
317 702 496 744 nobilis'
486 718 527 742 111
545 702 631 742 51115
646 701 928 743 monumentis
949 701 1132 756 equitem
1148 702 1385 744 Romanum
1407 703 1636 752 occiderat;

0 763 13 775 ⁷
42 784 150 810 nunc
186 769 374 824 ejusdem
410 767 574 822 Appiae
611 781 762 808 nomen
796 771 976 822 quantas
1012 768 1252 823 tragoedias
1288 768 1459 809 excitat.
1524 769 1640 821 Quae
1672 790 1675 795 -

43 839 264 876 cruentata
284 838 411 875 antea
434 833 562 873 caede
582 832 749 873 honesti
770 836 897 887 atque
918 832 1154 874 innocentis
1170 833 1246 874 viri
1262 833 1475 883 silebatur,
1494 834 1640 874 eadem

41 916 150 941 nunc
173 901 319 941 crebro
340 903 578 953 usurpatur,
613 902 887 952 posteaquam
918 898 1094 939 latronis
1123 902 1165 939 et
1185 898 1417 952 parricidae
1438 898 1640 953 sanguine

42 966 204 1006 imbuta
225 969 302 1006 est.
366 964 448 1005 Sed
470 963 568 1018 quid
591 977 668 1016 ego
691 962 760 1003 illa
783 964 1094 1004 commemoro?
1155 963 1489 1018 Comprehensos
1511 968 1577 1004 est
1598 963 1640 1003 in

41 1031 199 1086 templo
223 1028 411 1071 Castoris
432 1043 576 1069 servus
599 1028 648 1068 P.
674 1028 819 1078 Clodii
845 1042 967 1082 quem
990 1028 1056 1068 ille
1077 1029 1130 1068 ad
1148 1027 1222 1068 Gn.
1245 1028 1490 1101 Pompeium
1512 1027 1639 1068 inter-

41 1097 262 1145 ficiendum
285 1095 525 1136 collocarat.
589 1092 775 1134 Extorta
797 1098 862 1134 est
887 1092 964 1147 [ei]
988 1093 1207 1134 confitenti
1237 1093 1322 1133 sica
1343 1093 1393 1133 de
1415 1093 1634 1140 manibus;

0 1143 177 1210 ‚scal-uit
215 1161 304 1201 foro
346 1165 495 1214 postea
533 1158 606 1199 Cn.
644 1157 883 1230 Pompeius
919 1157 1055 1198 caruit
1088 1163 1251 1207 senatu
1291 1158 1426 1199 caruit
1457 1158 1637 1212 publico,

37 1227 169 1281 janua
191 1240 235 1266 se
257 1240 305 1265 ac
326 1239 403 1279 pal
406 1224 570 1271 1et1bus
594 1237 677 1263 non
703 1223 799 1276 jure
829 1222 968 1276 legum
986 1222 1322 1276 judiciorumque
1343 1221 1464 1262 texit.
1526 1221 1639 1262 Num

42 1306 146 1348 quae
168 1290 333 1344 rogatio
355 1290 452 1337 lata,
483 1302 584 1327 num
612 1301 717 1341 quae
745 1301 852 1327 nova
873 1287 1063 1341 quaestio
1086 1287 1257 1327 decreta
1279 1287 1374 1328 est?
1434 1287 1580 1342 Atqui,
1604 1287 1637 1327 si

40 1372 120 1406 res,
144 1357 178 1397 si
201 1356 271 1405 vir,
296 1355 331 1395 si
353 1360 521 1408 tempus
556 1353 685 1393 ullum
717 1352 889 1407 dignum
920 1352 1013 1401 fuit,
1049 1357 1164 1392 certe
1192 1353 1296 1392 haec
1328 1352 1369 1392 in
1400 1352 1470 1392 illa
1490 1367 1638 1393 caussa

41 1436 202 1463 summa
224 1420 362 1461 onmia
381 1420 561 1460 fuerunt.
626 1417 855 1459 Insidiator
876 1421 967 1458 erat
990 1417 1032 1457 in
1060 1418 1150 1458 foro
1181 1418 1410 1459 collocatus
1437 1423 1565 1473 atque
1596 1418 1639 1458 in

40 1486 243 1528 vestibulo
265 1485 354 1540 ipso
376 1488 547 1524 senatus
565 1500 575 1530 ς
611 1482 648 1523 01
669 1482 756 1523 viro
778 1486 923 1523 autem
944 1497 1054 1523 mors
1076 1483 1314 1537 parabatur,
1339 1484 1460 1538 cujus
1481 1483 1522 1523 in
1554 1483 1640 1525 vita

41 1552 255 1593 nitebatur
289 1550 402 1590 salus
432 1548 642 1596 civitatis;
678 1563 727 1589 eo
759 1562 883 1603 porro
917 1547 977 1588 rei
1008 1549 1197 1603 publicae
1233 1553 1434 1604 tempore,
1473 1564 1567 1604 quo,
1602 1549 1638 1590 si

40 1632 148 1658 unus
170 1616 235 1657 ille
258 1615 496 1664 occidisset,
520 1628 603 1654 non
635 1614 738 1654 haec
771 1613 906 1653 solum
927 1613 1086 1664 civitas,
1111 1614 1184 1654 sed
1205 1619 1355 1668 gentes
1375 1629 1520 1655 omnes
1541 1629 1637 1655 con-

42 1682 266 1724 cidissent:
301 1680 380 1721 nisi
405 1694 515 1730 vero,
550 1678 647 1734 quia
676 1678 864 1734 perfecta
889 1693 956 1720 res
977 1693 1061 1719 11011
1082 1683 1158 1730 est,
1189 1694 1273 1721 non
1295 1679 1374 1720 fuit
1395 1679 1632 1734 punienda;

85 1825 119 1854 in
148 1823 374 1862 monumentis]
434 1822 487 1853 On
525 1822 580 1853 the
611 1822 673 1852 Via
710 1822 814 1862 Appia

42 1867 144 1897 which
170 1867 292 1906 Appius
317 1866 371 1895 the
395 1865 514 1895 Censor
544 1865 754 1901 constructed,
780 1875 814 1894 as

41 1910 173 1940 Abrami
204 1909 343 1939 remarks
375 1908 455 1947 (B.c.
487 1907 577 1948 312).
631 1908 700 1937 The
730 1907 815 1937 word

43 1956 51 1969 ⁴
66 1951 294 1986 monumenta,’
311 1961 427 1989 among
451 1951 541 1980 other
561 1951 735 1989 meanings,
753 1951 813 1989 sig-

42 1995 133 2025 nifies
157 1996 212 2024 the
230 1994 336 2034 public
358 1994 516 2032 buildings
540 2003 575 2023 or
597 1993 689 2022 roads
713 1993 815 2022 which

42 2049 61 2068 a
80 2048 152 2067 man
173 2038 229 2067 has
253 2037 463 2067 constructed.
509 2036 638 2066 Tacitus
656 2036 754 2075 (Ann.
771 2036 814 2065 iii.

42 2081 98 2121 72)
121 2091 210 2120 says:
244 2080 393 2110 “Iisdem
418 2079 530 2109 diebus
559 2079 697 2118 Lepidus
722 2089 740 2108 a
767 2089 814 2108 se-

42 2129 118 2154 natu
151 2124 260 2162 petivit
290 2126 326 2152 ut
357 2122 515 2152 basilicam
546 2122 656 2157 Paulli,
683 2122 816 2152 Aemilia

43 2171 258 2201 monumenta,
276 2166 402 2205 propria
420 2165 553 2204 pecunia
568 2166 708 2194 firmaret
723 2175 814 2194 orna-

43 2209 243 2249 retque.'’—‘
256 2210 337 2238 viam
369 2207 569 2238 muniverit?
605 2208 643 2237 Β.
675 2208 731 2237 1105
761 2208 815 2237 the

43 2256 172 2292 corrupt
187 2252 313 2291 reading
327 2255 335 2268 ‘
350 2250 527 2287 invenerit,'
538 2261 557 2280 a
572 2251 705 2280 mistake
715 2251 816 2280 which

45 2296 70 2325 is
86 2302 142 2325 not
157 2295 288 2324 difficult
303 2299 336 2323 to
353 2295 487 2333 explain.

87 2339 135 2367 M.
153 2338 340 2377 Papirium]
390 2336 545 2366 Asconius
569 2336 710 2375 explains
730 2336 812 2366 this:

45 2383 65 2398 ‘⁴
77 2381 245 2419 Pompeius
262 2385 333 2418 post
348 2379 544 2419 triumphum
562 2379 812 2409 Mithridaticum

43 2423 188 2462 Tigranis
209 2423 307 2452 filium
329 2423 360 2452 in
383 2423 499 2452 catenis
521 2422 707 2461 deposuerat
729 2422 813 2462 apud

45 2466 186 2496 Flavium
210 2469 396 2502 senatorem,
422 2465 475 2504 qui
499 2468 609 2504 postea
632 2475 704 2494 cum
731 2470 814 2495 esset

43 2512 169 2548 praetor
190 2508 298 2537 eodem
322 2518 404 2538 anno
426 2518 489 2547 quo
513 2507 659 2537 tribunus
682 2508 724 2547 pl.
743 2507 812 2537 Clo-

44 2552 124 2587 dius,
146 2551 236 2590 petiit
256 2551 294 2580 ab
316 2561 352 2581 eo
377 2551 504 2581 Clodius
530 2560 624 2589 super
649 2561 756 2580 cenam
779 2554 816 2580 ut

43 2595 211 2633 Tigranem
239 2594 350 2623 adduci
372 2594 497 2632 juberet
521 2596 557 2623 ut
587 2603 659 2622 eum
684 2594 813 2623 videret.

45 2637 226 2667 Adductum
261 2637 422 2665 collocavit
459 2637 491 2665 in
522 2636 709 2671 convivium,
743 2636 815 2666 dein

45 2680 152 2710 Flavio
179 2689 242 2708 non
266 2678 419 2715 reddidit3
450 2679 618 2717 Tigranem
643 2679 761 2708 dimisit
784 2683 815 2709 et

44 2723 156 2753 habuit
181 2727 269 2751 extra
295 2724 429 2757 catenas,
451 2731 509 2751 nec
535 2722 692 2760 repetenti
721 2722 812 2751 Pom-

45 2767 115 2805 peio
132 2764 285 2800 reddidit3
310 2768 418 2802 postea
435 2764 467 2792 in
489 2774 598 2793 navem
621 2764 766 2803 deposuit
781 2768 813 2794 et

45 2819 143 2848 quum
170 2807 350 2847 profugeret
380 2806 440 2840 ille,
472 2809 660 2845 tempestate
691 2807 812 2837 delatus

45 2855 93 2881 est
123 2851 266 2880 Antium.
314 2848 392 2878 Inde
418 2851 454 2877 ut
480 2848 684 2878 deduceretur
708 2850 747 2879 ad
771 2860 813 2886 se,

45 2894 175 2924 Clodius
200 2894 270 2922 Sex.
294 2891 450 2927 Clodium,
473 2891 511 2919 de
532 2901 594 2930 quo
617 2901 711 2931 supra
737 2892 815 2922 dixi-

45 2947 127 2974 mus,
159 2937 246 2966 misit
275 2935 330 2974 qui
359 2944 430 2964 eum
460 2933 633 2963 reduceret.

664 2975 665 2978 ¹
690 2934 815 2964 Flavius
830 2975 831 2978 Ἴ

859 1831 984 1862 quoque
1008 1831 1042 1852 re
1074 1822 1200 1860 cognita
1223 1821 1263 1851 ad
1290 1821 1500 1861 diripiendum
1525 1820 1635 1859 Tigra-

859 1875 931 1894 nem
956 1864 1115 1904 profectus
1141 1867 1199 1894 est.
1245 1864 1296 1893 Ad
1323 1867 1472 1904 quartum
1496 1863 1634 1902 lapidem

859 1907 897 1936 ab
921 1907 1000 1936 urbe
1023 1917 1130 1947 pugna
1152 1907 1235 1937 facta
1260 1911 1317 1943 est,
1344 1907 1377 1936 in
1399 1916 1460 1946 qua
1480 1907 1572 1936 multi
1595 1916 1632 1935 ex

860 1955 994 1989 utraque
1030 1954 1120 1989 parte
1161 1950 1351 1985 ceciderunt,
1384 1950 1489 1989 plures
1526 1953 1634 1979 tamen

860 2002 899 2022 ex
917 1993 1025 2029 Flavii,
1039 1994 1122 2022 inter
1145 2002 1224 2032 quos
1251 1996 1283 2022 et
1306 1993 1353 2022 M.
1372 1992 1515 2031 Papirius
1539 2002 1634 2031 eques

862 2036 1038 2071 Romanus,
1063 2036 1259 2075 publicanus,
1285 2035 1446 2064 familiaris
1472 2035 1634 2074 Pompeio.

862 2079 986 2108 Flavius
1003 2079 1070 2108 sine
1086 2079 1200 2108 comite
1218 2079 1352 2108 Romam
1369 2078 1419 2108 vix
1436 2077 1610 2117 perfugit.''

903 2122 1073 2161 silebatur]
1124 2122 1181 2151 See
1212 2121 1272 2151 Pro
1301 2121 1411 2157 Balbo,
1440 2131 1466 2150 c.
1494 2122 1544 2156 16,
1571 2120 1634 2150 and

860 2165 914 2194 the
938 2169 1013 2194 note
1035 2175 1075 2194 on
1098 2163 1303 2194 ‘siletur.’—-‘
1317 2163 1504 2203 usurpatur’
1527 2173 1634 2193 means

862 2208 908 2237 ‘is
924 2208 1012 2237 often
1022 2207 1127 2237 talked
1141 2207 1195 2243 of,’
1215 2210 1221 2223 ‘
1235 2207 1261 2237 is
1277 2207 1310 2236 in
1321 2206 1463 2246 people’s
1474 2206 1602 2236 mouths
1613 2205 1633 2242 ς’

861 2260 894 2280 05
914 2251 947 2280 111
973 2251 1028 2280 the
1053 2250 1092 2280 In
1113 2250 1220 2280 Vatin.
1246 2260 1272 2280 0.
1305 2251 1361 2280 ll:
1388 2249 1462 2279 “Et
1485 2249 1634 2289 quoniam

861 2293 970 2323 crebro
987 2303 1119 2332 usurpas
1135 2294 1236 2332 legem
1252 2296 1284 2323 te
1299 2292 1338 2322 de
1353 2293 1481 2322 alternis
1497 2292 1635 2322 consiliis

859 2337 1037 2375 rejiciendis
1052 2335 1196 2366 tulisse.''

903 2380 1019 2418 templo
1055 2379 1211 2418 Castoris]
1264 2378 1341 2408 This
1374 2378 1400 2407 is
1429 2377 1485 2407 the
1515 2377 1634 2417 temple

859 2422 962 2452 where
987 2422 1042 2452 the
1070 2425 1177 2451 senate
1202 2422 1382 2451 sometimes
1409 2423 1466 2450 sat.
1522 2420 1633 2450 Cicero

858 2465 914 2494 has
944 2465 1030 2495 often
1061 2465 1239 2494 mentioned
1267 2465 1292 2494 it
1320 2463 1445 2503 (Index,
1465 2463 1537 2493 Vol.
1558 2462 1632 2503 iii.).

860 2508 928 2537 The
955 2510 1042 2547 story
1068 2507 1103 2537 of
1125 2508 1181 2536 the
1205 2510 1341 2546 attempt
1366 2510 1399 2536 to
1423 2506 1548 2535 murder
1574 2505 1632 2535 Cn.

862 2551 1028 2590 Pompeius
1053 2550 1109 2580 has
1132 2550 1213 2580 been
1235 2550 1303 2580 told
1326 2549 1433 2579 before
1451 2558 1540 2578 more
1555 2548 1632 2578 than

860 2604 938 2623 once
969 2593 1044 2633 (Pro
1076 2594 1188 2629 Sestio,
1216 2603 1242 2622 c.
1272 2594 1325 2627 32,
1356 2592 1418 2621 and
1448 2592 1502 2621 the
1531 2590 1632 2631 note).

859 2636 950 2666 After
970 2636 1034 2666 this
1058 2638 1194 2675 attempt
1213 2635 1381 2674 Pompeius
1406 2635 1481 2664 shut
1505 2633 1635 2663 himself

860 2689 901 2718 up
918 2679 950 2708 in
967 2679 1015 2708 his
1031 2679 1139 2708 house.
1143 2682 1195 2700 -‘
1209 2678 1392 2708 occidisset.
1386 2676 1405 2695 ·'
1431 2680 1438 2693 ‘
1450 2676 1612 2707 cecidisset
1623 2675 1631 2688 ’

859 2722 896 2751 E.
946 2722 1041 2752 Halm
1058 2722 1167 2751 thinks
1182 2721 1276 2751 that‘
1288 2720 1466 2750 cecidisset’
1482 2719 1509 2748 is
1525 2719 1630 2748 rheto-

857 2765 966 2804 rically
995 2764 1180 2804 preferable,
1212 2763 1345 2793 because
1386 2763 1439 2793 the
1474 2761 1632 2799 following

858 2808 941 2837 word
972 2805 1222 2837 ‘concidissent
1249 2807 1323 2836 thus
1353 2805 1476 2835 obtains
1507 2804 1548 2833 its
1574 2803 1632 2833 full

860 2850 1079 2889 signification,
1110 2860 1144 2880 as
1184 2849 1335 2879 Graevius
1375 2847 1441 2877 also
1480 2846 1542 2876 had
1580 2856 1629 2876 re-

860 2893 1000 2922 marked.

903 2936 965 2965 nisi
984 2944 1069 2971 vero,
1087 2935 1177 2975 quia]
1225 2933 1307 2973 This,
1325 2932 1421 2968 refers
1441 2933 1475 2961 to
1501 2929 1630 2971 ‘Atqui,
