1816 3211
697 205 831 248 CAP.
864 208 902 257 5,
937 206 975 246 6.
1550 209 1626 249 591

37 320 225 362 tulimus.
296 320 456 362 Jacent
495 319 698 362 beneficia
734 320 947 361 Nuculae:
992 319 1120 375 friget
1159 323 1365 375 patronus
1401 319 1629 362 Antonius.

39 386 150 427 Nam
189 400 451 441 possessores
490 385 627 426 animo
667 386 862 441 aequiore
903 385 1149 433 discedent3
1197 385 1352 426 nullam
1399 385 1632 441 impensam

23 445 250 494 fecerant:
295 452 480 493 nondum
526 451 825 501 instruxerant,
867 451 1020 505 partim
1072 450 1169 505 quia
1215 465 1300 491 non
1348 451 1628 501 confidebant,

36 517 192 571 partini
220 517 316 572 quia
343 532 427 557 non
457 517 683 557 habebant.
748 516 831 557 Sed
866 516 935 556 illa
967 520 1111 557 statua
1144 516 1355 571 palmaris„
1383 517 1434 557 de
1468 531 1562 571 qua,
1596 516 1631 557 si

36 583 208 624 meliora
229 589 419 637 tempora
439 587 591 632 essent,
615 597 699 622 non
732 596 900 637 possem
926 581 1014 622 sine
1045 581 1131 621 risu
1159 581 1324 622 dicere:
1361 595 1400 622 11.
1424 595 1630 621 ANTomo

38 663 68 688 A
97 663 213 689 JANO
246 662 393 688 MEDIO
427 660 650 687 PATRONO.
714 647 865 688 Itane?
925 647 1063 687 -Janus
1095 646 1258 687 medius
1293 646 1335 686 in
1372 646 1419 687 L.
1453 646 1631 688 Antonii

37 713 231 755 clientela
252 713 344 754 est?
406 711 509 763 Quis
539 726 737 766 umquam
767 711 809 751 in
839 711 908 751 illo
930 711 961 751 J
963 726 1043 752 ano
1072 712 1266 753 inventus
1288 717 1354 753 est
1375 712 1445 767 qui
1469 712 1517 753 L.
1540 712 1630 752 An-

35 778 154 820 tonio
174 778 285 820 mille
305 792 521 818 nummum
541 776 669 818 ferret
690 777 948 831 expensum?

99 843 176 885 VI.
212 844 296 885 Sed
328 843 451 884 nimis
485 842 619 883 multa
654 842 704 882 de
728 841 873 895 nugis:
907 841 961 881 ad
993 855 1182 882 caussam
1217 841 1453 896 bellumque
1484 842 1630 883 redea-

36 923 154 957 1nus;
189 923 439 964 quamquain
469 922 553 948 non
583 907 764 948 alienum
795 906 876 948 fuit
903 920 1105 961 personas
1133 906 1334 961 quasdam
1365 921 1390 947 a
1420 907 1537 947 vobis
1567 922 1630 948 re-

37 974 245 1029 cognosci,
275 979 324 1016 ut
354 974 601 1029 quibuscum
634 972 785 1013 bellum
816 976 1033 1027 gereretur
1063 971 1245 1027 possetis
1275 971 1397 1012 taciti
1427 971 1627 1026 cogitare.

39 1039 134 1094 Ego
173 1044 317 1081 autem
349 1054 423 1080 vos
464 1039 623 1088 hortor,
660 1037 859 1090 Quirites,
894 1042 955 1086 ut,
993 1037 1158 1079 etiamsi
1198 1037 1346 1078 melius
1383 1037 1494 1077 aliud
1536 1036 1629 1087 fuit,

35 1110 179 1146 tamen
218 1105 455 1160 legatorum
494 1104 676 1145 reditum
726 1102 984 1158 exspectetis
1024 1102 1163 1143 animo
1204 1117 1351 1158 aequo.
1427 1102 1632 1144 Celeritas

37 1170 229 1211 detracta
259 1170 309 1210 de
340 1184 488 1210 caussa
518 1173 608 1210 est:
645 1168 743 1208 boni
774 1172 918 1208 tamen
948 1167 1105 1222 aliquid
1135 1167 1316 1208 accessit
1343 1167 1396 1208 ad
1424 1182 1630 1209 caussam.

39 1236 178 1288 Quum
212 1234 321 1276 enim
351 1234 480 1290 legati
512 1233 804 1280 renuntiarint,
838 1233 950 1287 quod
981 1236 1096 1273 certe
1127 1232 1442 1282 renuntiabunt,
1471 1248 1553 1273 non
1590 1233 1632 1274 in

36 1305 175 1341 vestra
206 1304 432 1355 potestate,
455 1314 539 1340 non
569 1298 610 1338 in
631 1302 802 1339 senatus
823 1312 913 1338 esse
935 1297 1184 1347 Antonium,
1208 1297 1300 1352 quis
1329 1297 1410 1339 erit
1437 1303 1526 1339 tam
1557 1297 1630 1339 im-

37 1366 192 1420 probus
225 1364 325 1405 civis
353 1363 422 1419 qui
452 1363 565 1404 illum
597 1362 728 1404 civem
755 1362 992 1402 habendum
1023 1363 1171 1416 putet?
1233 1362 1356 1403 Nunc
1390 1362 1500 1403 enim
1532 1368 1632 1405 sunt

36 1430 158 1486 pauci
190 1430 247 1470 illi
277 1429 455 1484 quidem,
480 1428 552 1469 sed
585 1433 726 1469 tamen
758 1427 898 1482 plures
926 1441 1050 1482 quam
1080 1440 1125 1466 re
1155 1427 1321 1482 publica
1352 1427 1522 1482 dignum
1550 1433 1628 1479 est,

37 1496 107 1551 qui
129 1496 190 1537 ita
210 1495 456 1550 loquantur:
488 1509 540 1534 ne
562 1494 725 1548 legatos
747 1492 914 1547 quidem
936 1492 1300 1547 exspectabimus?
1361 1492 1495 1534 Istam
1516 1500 1630 1535 certe

36 1575 181 1602 vocem
201 1560 590 1614 simulationemque
612 1558 855 1599 clementiae
877 1557 1146 1612 extorquebit
1176 1556 1226 1597 iis
1246 1571 1313 1597 res
1340 1557 1428 1612 ipsa
1449 1558 1629 1613 publica.

39 1627 130 1679 Quo
164 1625 304 1674 etiam,
334 1630 382 1666 ut
409 1625 612 1665 confitear
642 1623 769 1671 vobis,
801 1622 998 1675 Quirites,
1032 1622 1168 1663 minus
1200 1622 1402 1664 hodierno
1437 1623 1503 1664 die
1534 1638 1630 1665 con-

36 1691 162 1741 tendi,
200 1689 339 1730 minus
371 1689 555 1730 laboravi
595 1694 644 1730 ut
684 1688 785 1729 mihi
817 1693 989 1729 senatus
1024 1687 1263 1729 assentiens
1296 1688 1522 1730 tumultum
1558 1689 1630 1730 de-

855 1820 950 1850 “Sed
977 1823 1045 1850 toto
1070 1821 1131 1851 hoc
1155 1821 1194 1850 de
1218 1831 1342 1860 genere,
1371 1821 1409 1851 de
1440 1821 1629 1861 quaerenda,

35 1826 136 1863 lands,
155 1826 217 1856 and
233 1835 321 1856 some
337 1825 372 1856 of
391 1825 478 1855 them
501 1823 636 1855 because
657 1823 732 1863 they
748 1822 810 1852 had

854 1864 892 1894 de
923 1863 1106 1894 collocanda
1143 1865 1286 1903 pecunia,
1322 1865 1434 1894 vellem
1466 1865 1559 1895 etiam
1591 1865 1630 1894 de

36 1873 94 1899 not
122 1870 177 1900 the
208 1879 328 1899 means.
374 1868 416 1898 So
442 1868 468 1898 it
496 1871 583 1897 must
613 1867 701 1897 often
732 1866 812 1896 have

36 1912 202 1952 happened
218 1912 293 1941 with
320 1911 409 1941 these
433 1920 506 1941 men
532 1911 602 1940 who
624 1913 679 1949 got
702 1912 810 1948 grants

37 1955 164 1985 ofland.
179 1953 253 1994 (See
267 1954 453 1990 IndexNol.
464 1954 485 1983 i.
498 1957 505 1971 ‘
516 1952 809 1991 Instrumentum.’)

81 2008 99 2028 a
115 1999 199 2029 Jano
216 1997 335 2037 medio]
385 1997 497 2027 ‘those
520 1996 555 2026 of
573 1996 627 2026 the
644 1996 762 2025 middle
778 1995 813 2024 of

37 2041 91 2071 the
106 2040 232 2076 JanuS‚'
248 2040 303 2069 the
319 2049 433 2078 money
450 2039 574 2069 lenders
590 2038 625 2068 of
637 2039 692 2068 the
715 2040 811 2068 street

36 2085 148 2115 Janus.
186 2083 344 2113 Ferrarius
361 2082 463 2111 would
480 2082 567 2112 write
584 2084 591 2098 ‘
602 2082 677 2112 Jani
693 2080 810 2110 medii.’

37 2127 147 2158 Ursini
174 2126 314 2157 remarks
339 2125 409 2155 that
435 2125 489 2155 the
517 2125 656 2154 Romans
680 2124 746 2153 said
771 2127 811 2153 ‘a

36 2170 119 2201 Jano
136 2169 239 2200 medio
253 2169 260 2182 ’
283 2179 316 2199 as
343 2168 417 2207 they
434 2168 498 2197 said
525 2171 531 2184 ‘
545 2177 563 2196 a
578 2167 661 2197 Jano
684 2167 786 2205 primo
802 2166 809 2179 ’

36 2213 98 2243 and
116 2213 174 2244 ‘ab
199 2211 287 2242 imo.’
336 2212 386 2242 He
410 2214 521 2251 quotes
545 2220 606 2241 one
630 2210 666 2240 of
689 2209 739 2239 his
763 2209 810 2239 in-

36 2256 247 2297 scriptions—

379 2306 464 2326 ossa

229 2350 258 2372 c.
276 2350 408 2371 1vmvs.
427 2349 455 2369 c.
475 2349 501 2368 1,.
522 2348 618 2369 Nico-

262 2393 423 2414 MACHVS.
442 2392 474 2412 A.
494 2392 580 2411 laxo

323 2436 425 2456 Pium.
444 2435 522 2455 PM„

324 2479 353 2499 c.
372 2478 520 2498 Lamnvs

285 2522 315 2542 e.
334 2522 362 2541 1„
381 2520 557 2541 ANicarvs

282 2564 315 2584 A.
334 2564 431 2584 ιΛΝο.
451 2562 564 2583 iux-:nio

36 2609 129 2693 As)t‹›
145 2607 200 2637 the
223 2606 324 2638 Jauus
349 2615 400 2635 see
428 2606 552 2635 Horace
579 2603 676 2643 (Epp.
695 2602 714 2632 i.
736 2603 762 2638 1,
780 2611 808 2632 ν.

36 2655 75 2682 51
97 2675 104 2688 ‚

180 2695 201 2710 ‘⁴
315 2691 392 2721 haec
407 2690 508 2721 Janus
525 2698 667 2719 summus
683 2688 722 2718 ab
736 2688 800 2718 imo

81 2734 254 2772 Perdoeutss
260 2733 267 2747 '

36 2796 98 2826 and
115 2796 196 2835 (Sat.
213 2795 244 2824 ii.
262 2796 292 2829 3,
309 2804 337 2824 v.
356 2794 422 2834 18),

48 2858 68 2874 ‘¹
183 2855 354 2894 Postquam
371 2852 473 2882 omnis
489 2861 538 2881 res
555 2860 624 2880 mea
640 2850 758 2880 Jnnum

78 2898 129 2929 Ad
160 2897 300 2928 medium
331 2896 430 2927 fracta
456 2897 515 2931 est,
547 2894 649 2924 aliena
686 2893 812 2933 negotia

123 2940 232 2972 curo.’'

853 1907 981 1942 utenda,
1013 1907 1208 1937 commodius
1239 1918 1257 1937 a
1284 1907 1472 1947 quibusdam
1503 1907 1631 1948 optimis

853 1951 926 1980 viris
952 1950 991 1980 ad
1015 1950 1131 1980 Janum
1160 1951 1298 1980 medium
1324 1951 1507 1981 sedentibus
1534 1961 1630 1990 quam

853 1993 892 2023 ab
918 1993 990 2023 ullis
1014 1993 1211 2033 philosophis
1237 1994 1301 2024 ulla
1326 1995 1358 2024 in
1386 1995 1494 2024 schola
1521 1994 1630 2034 dispu-

853 2035 961 2066 tatur’'
981 2035 1045 2076 (De
1060 2036 1124 2066 Off.
1141 2037 1172 2066 ii.
1188 2047 1214 2066 c.
1233 2038 1300 2066 25».

886 2078 999 2117 ferret
1016 2089 1188 2118 eoepensum
1200 2079 1232 2119 Β]
1283 2083 1290 2096 ‘
1305 2080 1375 2109 who
1391 2079 1422 2109 in
1442 2079 1511 2109 that
1527 2079 1630 2110 Janus

853 2121 955 2151 would
980 2131 1052 2150 ever
1077 2122 1155 2152 have
1183 2123 1249 2151 lent
1274 2122 1311 2151 L.
1329 2123 1487 2152 Antonius
1503 2132 1521 2152 a
1537 2122 1629 2152 thou-

854 2164 930 2193 sand
948 2164 1081 2193 sestertii
1098 2164 1120 2193 ?’
1168 2165 1225 2194 See
1250 2165 1339 2194 Vei-r.
1358 2165 1388 2194 ii.
1410 2166 1436 2199 l,
1455 2175 1480 2194 c.
1498 2165 1550 2199 27,
1568 2165 1630 2194 aud

853 2207 908 2236 the
932 2210 1017 2236 note.
1066 2207 1151 2236 llere
1172 2207 1226 2236 the
1251 2217 1363 2246 money
1384 2207 1487 2237 would
1512 2207 1550 2236 be
1573 2217 1629 2237 en-

852 2249 940 2279 tered
969 2260 1002 2279 as
1026 2249 1098 2288 paid
1115 2254 1148 2279 to
1166 2250 1202 2279 L.
1221 2251 1390 2285 Antonius,
1409 2251 1509 2279 which
1526 2250 1629 2280 would

853 2291 892 2321 be
908 2302 925 2321 a
942 2292 1040 2321 credit
1067 2295 1100 2322 to
1125 2292 1180 2322 the
1204 2303 1276 2322 man
1299 2294 1368 2323 who
1395 2293 1525 2323 entered
1552 2293 1587 2329 it,
1611 2303 1630 2324 a

853 2334 929 2364 debt
946 2335 1026 2364 from
1045 2335 1081 2364 L.
1099 2336 1268 2365 Antonius.

897 2379 926 2407 (ἱ.
947 2388 1104 2417 personas
1135 2401 1142 2408 .
1161 2401 1168 2408 .
1195 2401 1201 2408 .
1235 2379 1434 2419 recoqnosei]
1485 2382 1543 2409 ‘to
1575 2389 1628 2409 ex-

853 2420 958 2450 amine
982 2421 1049 2450 into
1073 2421 1127 2450 the
1152 2421 1312 2451 character
1335 2422 1372 2451 of
1391 2422 1507 2452 certain
1531 2422 1627 2452 men!

853 2467 906 2486 —-‘
922 2464 1033 2493 melius
1056 2464 1157 2493 aliud:
1176 2464 1183 2476 '
1208 2469 1265 2494 not
1281 2468 1313 2494 to
1330 2465 1406 2495 send
1422 2465 1543 2503 Legati,
1566 2465 1628 2495 and

854 2510 886 2536 to
903 2505 1024 2536 det-lare
1042 2507 1199 2537 Antonius
1215 2518 1254 2537 an
1272 2518 1382 2547 enemy
1397 2513 1428 2538 at
1444 2518 1532 2538 once.

896 2559 948 2579 res
973 2551 1042 2588 ipsa
1058 2550 1206 2590 publica]
1236 2555 1304 2581 ‘res
1331 2551 1398 2590 ipsa
1415 2551 1457 2590 p.'
1475 2552 1515 2581 V.
1551 2550 1628 2581 Mu-

852 2596 940 2623 retus
966 2593 1130 2632 suspected
1158 2593 1227 2623 that
1254 2594 1420 2633 ‘publica'
1446 2594 1558 2624 should
1589 2594 1629 2624 be

853 2636 1026 2665 erased.—‘
1039 2636 1148 2675 viginti
1165 2636 1275 2666 diebus
1291 2638 1310 2666 :'
1336 2637 1389 2667 the
1406 2638 1481 2667 time
1497 2637 1626 2667 allowed

853 2677 901 2708 for
916 2678 970 2707 the
988 2678 1097 2717 Legati
1120 2683 1151 2708 to
1167 2689 1206 2718 go
1223 2683 1255 2709 to
1272 2680 1431 2709 Antonius
1448 2680 1508 2710 and
1526 2684 1559 2709 to
1581 2690 1627 2709 re-

852 2723 992 2751 turn.--‘
1006 2722 1181 2752 molestiam
1193 2723 1340 2753 devorate
1353 2722 1372 2753 :’
1398 2727 1405 2739 ⁶
1419 2723 1552 2753 swallow
1565 2722 1628 2751 this

853 2763 1065 2803 disngreeuble
1092 2765 1204 2804 thing)
1251 2766 1339 2806 They
1357 2776 1436 2795 were
1462 2770 1494 2795 to
1517 2765 1588 2794 take
1604 2765 1628 2793 it.

852 2807 913 2837 and
931 2807 1022 2837 make
1038 2808 1093 2837 the
1117 2808 1186 2838 best.
1201 2809 1236 2838 of
1255 2809 1290 2844 it,
1308 2809 1440 2838 without
1457 2807 1627 2846 voruplain-

852 2850 916 2890 ing.
943 2851 984 2880 So
1000 2851 1055 2880 the
1072 2851 1194 2880 Frenrh
1208 2861 1272 2890 say,
1286 2852 1366 2882 aster
1382 2851 1475 2881 Latin
1492 2850 1627 2886 t'ashion,

853 2894 873 2911 ‘⁶
885 2892 1018 2924 devorez
1035 2898 1083 2925 cet
1100 2894 1252 2924 atl'ront.'’
