1816 3211
779 190 911 233 OAP.
944 191 1068 231 2—4.
1638 191 1722 236 407

124 305 269 347 liatam
291 306 548 347 ornamentis
569 305 768 347 dedisset.
834 304 957 353 Vide,
981 318 1148 359 quaeSO,
1173 302 1352 354 Tubero,
1376 308 1437 353 ut,
1461 303 1530 359 qui
1552 304 1604 344 de
1624 320 1717 346 meo

123 372 237 413 facto
259 386 343 412 non
365 371 553 413 dubitem
578 370 773 426 [dicere],
797 370 848 411 de
872 369 1029 424 Ligarii
1060 383 1144 410 non
1171 369 1349 410 audeam
1372 369 1575 410 confiteri.
1639 371 1718 412 At-

124 451 205 491 que
235 437 339 477 haec
365 447 589 492 propterea
610 437 660 477 de
681 451 748 477 me
769 436 855 476 dixi
879 441 924 476 ut
954 435 1056 475 mihi
1078 435 1259 484 Tubero,
1284 449 1410 489 quum
1433 435 1484 475 de
1505 449 1550 475 se
1572 436 1719 477 eadem

124 501 316 550 dicerem,
341 502 590 557 ignosceret,
616 502 735 556 cujus
757 516 835 557 ego
858 500 1089 541 industriae
1110 499 1349 554 gloriaeque
1369 500 1488 540 faveo
1510 500 1575 540 vel
1595 516 1719 556 prop-

124 573 190 608 ter
222 567 497 622 propinquam
547 567 851 622 cognationem,
890 566 954 607 vel
994 565 1106 621 quod
1147 565 1236 619 ejus
1276 564 1443 619 ingenio
1483 565 1719 622 studiisque

125 633 321 682 delector,
347 633 411 673 vel
432 633 543 687 quod
564 633 728 672 laudem
760 631 1040 672 adolescentis
1055 630 1276 686 propinqui
1298 631 1494 671 existimo
1515 631 1643 672 etiam
1664 633 1719 672 ad

125 712 264 738 meum
284 698 464 752 aliquem
485 698 670 738 fructum
691 697 941 737 redundare.
977 696 1061 737 Sed
1083 696 1162 736 hoc
1185 710 1353 750 quaero,
1373 696 1466 750 quis
1487 702 1610 751 putat
1625 712 1719 738 esse

125 762 282 803 crimen
302 762 431 803 fuisse
452 762 495 802 in
510 762 657 802 Africa
678 760 966 816 [Ligariumss
1004 761 1167 816 Nempe
1190 762 1225 801 is
1247 761 1317 816 qui
1340 767 1381 802 et
1404 761 1492 816 ipse
1514 762 1556 802 in
1575 762 1719 803 eadem

127 827 274 868 Africa
306 842 397 869 esse
429 827 562 868 voluit
596 833 640 868 et
669 826 928 882 prohibitum
966 841 1011 867 se
1038 841 1062 866 a
1092 826 1262 881 Ligario
1292 826 1493 881 queritur,
1529 832 1574 868 et
1606 835 1721 868 certe

126 902 274 934 contra
295 893 429 948 ipsum
454 892 677 934 Gaesarem
699 897 765 933 est
786 906 1040 947 congressus
1073 897 1275 932 armatus.
1338 891 1448 942 Quid
1479 892 1589 932 enim
1620 897 1721 933 tuus

125 959 203 1008 ille,
239 959 418 1008 Tubero,
449 957 678 999 destrictus
713 957 756 997 in
790 957 880 998 acie
919 956 1166 998 Pharsalica
1197 956 1364 1011 gladius
1399 957 1568 1011 agebat,
1602 958 1722 1011 cujus

125 1025 236 1065 latus
265 1024 332 1064 ille
358 1038 502 1064 mucro
531 1024 717 1078 petebat,
751 1023 821 1078 qui
851 1037 1001 1063 sensus
1037 1027 1129 1062 erat
1163 1036 1374 1062 armorum
1406 1028 1587 1071 tuorum,
1617 1037 1724 1078 quae

126 1095 201 1131 tua
223 1104 354 1138 mens,
379 1089 498 1138 oculi,
521 1103 682 1139 manus,
715 1089 842 1129 ardor
872 1087 1026 1129 animi?
1090 1087 1200 1139 Quid
1231 1087 1443 1142 cupiebas,
1476 1087 1574 1142 quid
1607 1092 1724 1143 opta-

126 1156 229 1197 bas?
289 1154 425 1195 Nimis
451 1169 610 1209 urgeo;
645 1153 896 1194 commoveri
926 1153 1094 1194 videtur
1123 1152 1392 1199 adolescens;
1427 1153 1480 1193 ad
1502 1168 1568 1193 me
1590 1167 1726 1193 rever-

127 1225 209 1262 tar.
271 1219 427 1260 Iisdem
448 1219 490 1259 in
511 1219 638 1259 armis
659 1219 730 1259 fui.
795 1218 877 1258 IV.
911 1218 1021 1270 Quid
1043 1222 1186 1258 autem
1210 1216 1321 1257 aliud
1343 1217 1516 1271 egimus,
1543 1217 1722 1266 Tubero,

130 1285 210 1326 nisi
230 1290 278 1326 ut
299 1285 410 1339 quod
434 1284 502 1325 hic
533 1288 674 1339 potest
702 1298 779 1323 nos
806 1284 1052 1338 possemus?
1114 1283 1300 1334 Quorum
1328 1282 1456 1337 igitur
1484 1282 1725 1337 impunitas,

133 1350 299 1399 Caesar,
322 1355 421 1391 tuae
446 1349 690 1389 clementiae
710 1348 800 1388 laus
821 1353 899 1396 est,
924 1362 1066 1388 eorum
1088 1347 1274 1402 ipsorum
1295 1347 1347 1387 ad
1369 1347 1662 1388 crudelitatem
1684 1353 1728 1388 te

131 1415 246 1456 acuit
285 1414 447 1455 oratio?
507 1414 650 1469 Atque
690 1413 732 1454 in
768 1413 847 1454 hac
884 1427 1033 1453 caussa
1072 1412 1258 1453 nonnihil
1300 1412 1505 1467 equidem,
1546 1412 1727 1461 Tubero,

133 1481 260 1522 etiam
281 1487 409 1527 tuam,
432 1479 506 1520 sed
526 1480 658 1520 multo
690 1477 826 1533 magis
854 1477 986 1532 patris
1006 1477 1067 1518 tui
1091 1477 1355 1532 prudentiam
1390 1477 1591 1528 desidero,
1617 1479 1730 1532 quod

133 1546 257 1586 homo
298 1560 426 1601 quum
466 1544 644 1599 ingenio,
683 1550 774 1585 tum
815 1543 943 1584 etiam
985 1543 1176 1584 doctrina
1217 1543 1435 1592 excellens,
1478 1558 1609 1597 genus
1650 1544 1730 1585 hoc

134 1625 307 1652 caussae
329 1611 442 1665 quod
471 1615 586 1651 esset
615 1624 699 1649 non
728 1609 892 1649 viderit.

956 1607 1065 1648 Nam
1087 1608 1121 1649 si
1143 1608 1329 1658 vidisset,
1364 1608 1508 1663 quovis
1540 1609 1730 1663 profecto

134 1691 258 1733 quam
279 1676 362 1717 isto
383 1676 508 1717 modo
529 1690 554 1715 a
574 1680 618 1716 te
639 1675 708 1730 agi
730 1674 961 1715 maluisset.

187 1811 264 1842 Vide
287 1833 295 1841 .
320 1832 329 1841 .
352 1833 360 1841 .
384 1810 535 1848 audeam]
584 1808 712 1842 Quoted
741 1808 784 1848 by
809 1808 910 1841 Quin-

135 1855 225 1885 tilian
252 1853 296 1893 (v.
322 1856 372 1885 10.
398 1854 467 1891 93),
495 1853 554 1883 but
580 1852 620 1882 he
644 1852 738 1882 omits
764 1849 910 1886 ‘dicere‚’

136 1898 198 1928 and
224 1898 290 1928 also
316 1896 417 1927 ‘non’
439 1896 548 1926 before
572 1895 748 1925 ‘audeam‘
796 1893 908 1924 ‘Non’

135 1942 163 1972 is
177 1942 244 1971 also
259 1940 392 1970 omitted
406 1940 440 1969 in
456 1939 505 1975 C.,
518 1939 579 1969 and
594 1938 625 1968 S.
640 1938 695 1968 has
713 1941 720 1955 ‘
734 1938 772 1968 de
785 1937 910 1976 Ligario

137 1987 243 2014 autem
267 1981 389 2013 audeo!
436 1982 468 2012 It
497 1991 597 2012 seems
627 1991 661 2011 as
684 1981 711 2011 if
735 1981 912 2014 Quintilian

139 2026 277 2065 thought
300 2026 370 2055 that
393 2024 448 2054 the
468 2027 475 2040 ⁴
489 2024 568 2054 non'
591 2024 696 2054 would
718 2029 775 2054 not
798 2025 834 2053 fit
857 2024 912 2053 the

140 2078 241 2099 sense.
295 2068 360 2097 But
386 2067 496 2098 Cicero
526 2077 561 2097 so
590 2067 638 2096 far
673 2067 728 2097 has
758 2066 912 2096 admitted

141 2111 273 2150 nothing
294 2111 417 2149 against
441 2110 594 2149 Ligarius.
639 2109 776 2149 Though
798 2109 838 2139 he
857 2110 912 2139 1185

140 2154 302 2185 confessed
327 2153 368 2183 all
394 2153 491 2182 about
516 2152 648 2188 himself,
677 2152 716 2182 118
742 2152 834 2182 could
858 2156 916 2182 not

142 2200 273 2227 venture
303 2200 336 2225 to
363 2196 454 2225 make
477 2195 555 2225 such
577 2195 765 2225 admissions
793 2196 915 2233 against

144 2240 300 2279 Ligarius:
319 2239 358 2269 he
374 2238 465 2268 could
478 2243 534 2268 not
550 2248 602 2277 say
614 2238 682 2267 that
698 2238 839 2276 Ligarius
852 2238 913 2267 had

142 2282 331 2320 voluntarily
347 2281 442 2311 taken
458 2291 500 2320 up
513 2290 597 2311 arms
613 2281 736 2319 against
752 2280 877 2311 Caesar.

186 2335 283 2364 quum
313 2325 352 2354 de
380 2334 413 2354 se
439 2324 562 2363 eadem]
600 2324 711 2353 ‘when
739 2323 753 2353 I
780 2333 833 2363 say
861 2324 915 2353 the

144 2378 229 2399 same
263 2367 300 2397 of
337 2366 424 2403 him,’
456 2367 526 2397 that
561 2366 600 2396 118
637 2367 713 2396 took
751 2376 793 2406 up
831 2376 915 2396 arms

143 2411 267 2450 against
296 2409 688 2440 Caesar.——‘industriae:'
725 2409 773 2440 his
810 2415 914 2439 orato-

143 2454 218 2484 rical
233 2453 362 2483 studies.

183 2497 385 2536 prohibitum
400 2495 448 2535 se]
497 2495 555 2525 See
573 2495 627 2525 the
643 2494 765 2525 Introd.
813 2494 914 2528 Quin-

143 2540 232 2570 tilian
261 2539 316 2579 (xi.
338 2538 368 2578 l)
394 2548 480 2578 says:
507 2538 646 2568 “Potest
672 2538 796 2568 evenire
823 2542 858 2567 ut
882 2537 915 2567 in

143 2583 211 2613 aliis
228 2581 484 2621 reprehendenda
496 2581 559 2610 sint
570 2591 649 2620 quae
664 2581 723 2620 ipsi
740 2581 914 2617 fecerimus,

145 2629 181 2656 ut
203 2625 312 2664 objicit
331 2625 456 2654 Tubero
482 2624 614 2662 Ligario.
638 2623 729 2656 Quod
755 2624 787 2653 in
812 2624 917 2654 Africa

144 2667 272 2699 fuerit.''
319 2667 494 2700 Quintilian
522 2666 578 2706 (xi.
611 2667 637 2696 l.
663 2667 718 2706 80)
757 2667 814 2696 has
843 2677 914 2706 pre-

145 2712 253 2742 served
270 2711 324 2741 1118
340 2710 508 2740 substance
523 2709 558 2738 of
570 2709 724 2739 Tubero’s
739 2709 869 2739 defence
884 2710 919 2739 of

147 2754 274 2785 himself
297 2754 359 2784 and
390 2753 438 2783 his
467 2753 581 2791 charge
604 2752 726 2791 against
752 2752 912 2791 Ligarius:

147 2802 166 2816 ‘⁶
180 2797 306 2829 Tubero
326 2797 474 2835 juvenem
499 2805 532 2825 se
554 2795 634 2834 patri
659 2795 804 2831 haesisse,
826 2795 914 2825 illum

146 2851 165 2872 a
201 2844 312 2871 senatu
350 2840 478 2869 missum
524 2848 588 2867 non
624 2837 662 2867 ad
700 2837 828 2872 bellum,
866 2838 920 2868 sed

146 2884 186 2914 ad
203 2884 396 2914 frumentum
419 2881 623 2912 coemendum
641 2880 702 2916 ait3
726 2885 762 2910 ut
782 2881 918 2920 primum

148 2927 280 2964 licuerit,
304 2937 322 2957 a
338 2926 478 2966 partibus
499 2925 676 2960 recessisse;
704 2923 861 2963 Ligarium
885 2928 917 2954 et

955 1816 1169 1847 perseverasse
1184 1808 1215 1836 et
1237 1815 1303 1836 non
1325 1815 1382 1846 pro
1399 1806 1457 1837 Cn.
1473 1806 1634 1846 Pompeio,
1651 1807 1734 1837 inter

956 1860 1050 1890 quem
1081 1855 1114 1880 et
1144 1850 1311 1880 Caesarem
1337 1849 1498 1888 dignitatis
1533 1850 1627 1879 fuerit
1658 1860 1732 1879 con-

955 1894 1066 1930 tentio,
1084 1903 1183 1933 quum
1201 1893 1318 1923 salvam
1335 1897 1469 1933 uterque
1490 1903 1556 1922 rem
1574 1893 1732 1932 publicam

955 1937 1058 1973 vellet,
1079 1937 1134 1966 sed
1160 1946 1217 1976 pro
1241 1936 1327 1966 Juba
1351 1940 1447 1975 atque
1469 1936 1553 1966 Afris
1584 1937 1733 1967 inimicis-

957 1980 1043 2010 simis
1059 1980 1177 2019 populo
1196 1980 1339 2009 Romano
1356 1978 1515 2009 stetisse.'’

1005 2023 1090 2058 Quid
1106 2024 1188 2052 enim
1206 2045 1214 2052 .
1233 2045 1240 2052 .
1260 2045 1267 2052 .
1285 2023 1363 2062 quid
1378 2023 1511 2061 optabas
1524 2022 1556 2062 ss']
1606 2021 1733 2055 Quoted

957 2066 998 2106 by
1015 2065 1194 2098 Quintilian
1210 2065 1273 2095 viii.
1291 2069 1320 2095 4.
1337 2066 1390 2101 27,
1409 2065 1472 2095 and
1494 2070 1580 2104 parts
1602 2065 1638 2095 of
1655 2066 1679 2094 it
1700 2065 1732 2094 in

957 2109 1076 2139 several
1112 2109 1203 2138 other
1238 2109 1352 2148 places.
1416 2109 1563 2138 Plutarch
1595 2108 1732 2147 (Cicero,

959 2162 986 2182 c.
1018 2153 1073 2191 39)
1106 2152 1227 2181 writes:
1273 2155 1292 2168 “
1306 2151 1370 2181 But
1405 2151 1495 2180 when
1526 2151 1636 2182 Cicero
1673 2151 1733 2180 had

960 2195 1064 2233 begun
1080 2198 1114 2224 to
1130 2195 1237 2234 speak,
1254 2195 1315 2224 and
1334 2204 1395 2224 was
1412 2194 1540 2233 making
1556 2205 1573 2224 a
1590 2194 1733 2224 wonder-

959 2238 1005 2267 ful
1035 2238 1202 2273 sensation,
1230 2237 1293 2267 and
1324 2237 1372 2267 his
1396 2237 1510 2276 speech
1535 2248 1568 2267 as
1593 2237 1633 2266 he
1662 2247 1733 2276 pro-

959 2280 1074 2310 ceeded
1094 2291 1157 2310 was
1180 2281 1213 2310 in
1235 2280 1350 2319 feeling
1373 2280 1477 2310 varied
1498 2281 1559 2310 and
1585 2280 1616 2309 in
1642 2290 1734 2319 grace

958 2323 1140 2360 admirable,
1171 2324 1226 2354 the
1259 2323 1369 2353 colour
1405 2323 1492 2353 often
1522 2324 1664 2361 changed
1702 2323 1734 2352 in

959 2366 1102 2396 Caesar’s
1123 2367 1201 2402 face,
1222 2366 1284 2396 aud
1305 2366 1329 2395 it
1351 2376 1412 2396 was
1432 2367 1579 2396 manifest
1603 2367 1672 2396 that
1695 2366 1734 2395 he

960 2419 1022 2438 was
1056 2409 1252 2449 undergoing
1293 2409 1394 2439 divers
1432 2410 1588 2439 emotions
1623 2410 1654 2439 in
1686 2409 1734 2438 his

961 2452 1064 2488 mind3
1091 2452 1149 2482 but
1166 2456 1199 2482 at
1222 2453 1282 2482 last
1298 2452 1388 2482 when
1405 2452 1460 2482 the
1475 2456 1581 2482 orator
1596 2452 1732 2482 touched

960 2505 1002 2524 on
1036 2495 1090 2525 the
1128 2495 1227 2526 battle
1262 2495 1298 2524 of
1329 2495 1505 2531 Pharsalus,
1537 2495 1576 2525 he
1607 2505 1669 2524 was
1699 2505 1734 2524 so

960 2538 1091 2568 affected
1129 2539 1200 2568 that
1237 2538 1286 2567 his
1326 2537 1407 2577 body
1447 2538 1556 2575 sliook,
1595 2538 1656 2568 and
1695 2538 1734 2567 hc

961 2581 1103 2621 dropped
1133 2591 1221 2612 some
1250 2581 1286 2610 of
1313 2581 1366 2611 the
1398 2581 1536 2620 writings
1574 2581 1654 2610 from
1685 2580 1734 2609 his

960 2624 1097 2654 liands.”

1004 2669 1033 2697 4.
1062 2667 1148 2703 Quid
1171 2670 1277 2697 aulem
1295 2689 1302 2696 .
1322 2689 1329 2696 .
1348 2689 1355 2696 .
1370 2676 1536 2706 possemus
1547 2666 1579 2705 ι’]
1630 2665 1731 2698 Quin-

960 2710 1048 2740 tilian
1065 2721 1094 2740 v.
1115 2711 1163 2741 13.
1181 2713 1212 2745 5,
1229 2709 1290 2739 and
1307 2710 1348 2739 ix.
1367 2712 1396 2739 2.
1414 2712 1466 2745 29,
1484 2710 1587 2738 where
1609 2709 1647 2737 111·
1663 2718 1732 2747 says

961 2753 1024 2783 “in
1050 2753 1102 2783 illa
1124 2763 1197 2783 vero
1219 2753 1385 2787 sententia,
1412 2757 1418 2769 ¹
1433 2752 1516 2785 Quid
1541 2755 1645 2780 autem
1672 2773 1678 2780 .
1698 2772 1704 2778 .
1725 2772 1732 2778 .

960 2795 1168 2835 possenius?’
1193 2795 1418 2825 admirabiliter
1448 2795 1609 2832 utriusque
1637 2792 1733 2831 partis

965 2839 1041 2869 facit
1055 2839 1170 2869 bonam
1189 2848 1352 2868 caussam:
1378 2838 1430 2868 sed
1449 2838 1506 2866 hoc
1528 2846 1598 2865 cum
1624 2835 1731 2874 (Liga-

964 2881 1060 2922 rium)
1077 2882 1267 2918 demcretur,
1284 2882 1374 2920 cujus
1390 2880 1472 2910 1111118
1488 2877 1622 2908 fuerat.’'
