1816 3211
133 195 216 236 318
461 191 638 233 ORAT.
672 183 792 232 PRO
825 189 876 230 T.
909 187 1104 229 ANNIO
1138 186 1393 230 MILONE.

131 307 301 348 fuerunt
343 305 493 347 Miloni
534 305 583 357 Q.
628 303 896 352 Hortensius,
952 301 1017 342 M.
1059 300 1217 351 CicerO,
1266 302 1330 343 M.
1374 301 1612 352 Marcellus,
1658 301 1721 344 M.

134 373 327 422 Calidius,
365 371 428 413 M.
466 370 585 420 Cato,
622 370 808 409 Faustus
846 367 974 408 Sulla.
1038 366 1184 408 Verba
1218 381 1351 422 pauca
1383 367 1432 419 Q.
1467 366 1723 408 Hortensius

134 439 252 488 dixit,
292 437 443 478 liberos
482 448 574 475 esse
614 448 686 474 eos
721 432 792 487 qui
829 447 904 487 pro
946 431 1076 473 servis
1112 432 1451 486 postularentur;
1495 446 1592 473 nam
1627 436 1725 486 post

132 508 345 545 recentem
379 500 548 541 caedem
583 513 710 538 manu
744 497 918 538 miserat
953 512 1026 538 eos
1060 497 1164 538 Milo
1199 498 1276 538 sub
1317 498 1396 539 hoc
1430 498 1569 548 titulo,
1614 498 1724 552 quod

133 573 260 624 caput
280 581 401 607 suum
421 564 498 605 ulti
528 567 683 604 essent.
745 562 866 604 Haec
888 563 1123 617 agebantur
1143 576 1284 603 mense
1304 562 1554 604 intercalari.
1617 563 1726 604 Post

133 634 243 674 diem
263 629 525 685 trigesimum
543 628 630 669 fere
652 642 776 683 quam
798 631 890 668 erat
905 627 1073 668 Clodius
1095 626 1268 678 occisus,
1292 627 1342 679 Q.
1363 627 1561 668 Metellus
1585 627 1725 682 Scipio

132 699 174 739 in
211 700 359 738 senatu
388 698 533 735 contra
568 693 631 734 M.
666 692 917 747 Caepionem
951 696 1206 747 conquestus
1237 696 1314 743 est,
1346 706 1396 733 ac
1427 692 1477 733 de
1514 693 1641 733 caede
1673 692 1723 733 P.

134 761 269 803 Clodii
289 761 438 801 falsum
459 773 550 799 esse
573 757 692 808 dixit,
715 758 828 813 quod
852 757 957 798 Milo
978 757 1037 798 sic
1060 772 1105 798 se
1126 756 1366 798 defenderet
1417 789 1426 797 .
1561 789 1569 798 .
1623 746 1723 798 *Olo-

132 829 247 869 dium
269 825 468 867 Aricinos
496 824 741 872 decuriones
771 824 1006 879 alloquendi
1026 823 1165 879 gratia
1186 823 1352 873 abiisse,
1375 824 1609 879 profectum
1631 839 1726 865 cum

132 908 207 935 sex
227 906 276 933 ac
297 890 446 946 viginti
466 889 619 931 servis:
657 889 861 930 Milonem
891 889 1032 930 subito
1063 894 1159 944 post
1189 889 1333 930 horam
1363 894 1556 944 quartam
1577 895 1726 930 senatu

133 958 260 999 misso
282 971 377 997 cum
397 955 526 996 servis
559 954 735 1009 amplius
765 954 965 995 trecentis
995 954 1170 995 armatis
1201 954 1365 995 obviarn
1385 954 1422 995 ei
1445 954 1721 1002 contendisse,

133 1029 177 1064 et
197 1036 323 1076 supra
344 1020 526 1061 Bovillas
547 1019 830 1074 inopinantem
850 1018 893 1059 in
913 1018 1061 1060 itinere
1082 1032 1353 1073 aggressum3
1387 1019 1443 1058 ibi
1466 1018 1516 1059 P.
1536 1018 1726 1059 Clodium

132 1088 267 1129 tribus
302 1085 539 1127 vulneribus
570 1084 756 1138 acceptis
785 1083 970 1124 Bovillas
1002 1084 1238 1137 perlatum;
1273 1084 1493 1124 tabernam
1525 1083 1567 1123 in
1603 1097 1726 1138 quam

132 1152 378 1208 profugerat
398 1153 679 1205 expugnatam
700 1163 725 1189 a
748 1148 934 1196 Milone,
969 1147 1253 1188 semianimem
1276 1148 1466 1188 Clodium
1487 1152 1726 1188 extractum

132 1218 174 1258 in
195 1217 261 1258 via
282 1216 423 1270 Appia
443 1214 624 1255 occisum
647 1227 749 1262 esse,
773 1212 1052 1266 annulumque
1073 1212 1165 1266 ejus
1187 1211 1223 1252 ei
1244 1211 1439 1252 morienti
1460 1216 1721 1258 extractum,

134 1281 284 1322 deinde
322 1280 537 1329 Milonem,
576 1291 701 1332 quum
740 1276 868 1317 sciret
899 1276 942 1316 in
978 1275 1144 1316 Albano
1179 1276 1395 1330 parvulum
1429 1275 1559 1316 filium
1595 1275 1727 1316 Clodii

136 1346 284 1401 [esse],
307 1344 467 1385 venisse
497 1342 551 1383 ad
578 1342 728 1392 villam,
760 1345 803 1382 et
829 1356 957 1395 quum
983 1355 1088 1395 puer
1117 1346 1216 1381 ante
1247 1341 1488 1381 subtractus
1518 1344 1643 1391 esset,
1676 1341 1727 1380 de

134 1425 254 1452 servo
287 1409 488 1450 Halicore
518 1407 808 1462 quaestionem
834 1405 894 1447 ita
927 1405 1123 1446 habuisse
1156 1410 1204 1447 ut
1231 1420 1326 1447 eum
1355 1405 1611 1447 articulatim
1632 1419 1727 1446 con-

134 1480 321 1517 secaret:
366 1473 548 1515 villicum
579 1476 623 1513 et
657 1472 761 1512 duos
797 1476 1018 1527 praeterea
1057 1485 1199 1512 servos
1227 1471 1468 1525 jugulasse3
1513 1485 1565 1512 ex
1597 1470 1728 1511 servis

136 1540 269 1582 Clodii
296 1538 366 1594 qui
397 1537 610 1579 dominum
643 1536 904 1578 defenderint
936 1536 1129 1576 undecim
1160 1550 1252 1577 esse
1285 1536 1541 1586 interfectos,
1578 1535 1728 1576 Miloni

134 1607 239 1647 duos
260 1605 371 1646 solos
392 1602 554 1644 saucios
574 1602 712 1643 factos
739 1616 856 1643 esse:
893 1602 946 1642 ob
977 1615 1082 1656 quae
1114 1600 1317 1641 Milonem
1344 1605 1514 1655 postero
1542 1601 1608 1641 die
1629 1601 1729 1640 duo-

135 1671 269 1713 decim
290 1683 432 1711 servos
448 1668 518 1723 qui
539 1666 616 1722 [ei]
636 1666 815 1708 maxime
833 1681 1002 1722 operam
1016 1670 1241 1707 navassent
1262 1680 1386 1706 manu
1407 1665 1579 1715 misisse,
1599 1678 1727 1719 popu-

134 1737 256 1791 loque
285 1734 479 1777 tributim
510 1732 674 1787 singula
705 1732 832 1772 millia
861 1731 970 1772 aeris
1002 1732 1055 1771 ad
1089 1731 1372 1771 defendendos
1404 1730 1454 1770 de
1476 1744 1520 1770 se
1540 1742 1728 1769 rumores

136 1801 313 1842 dedisse.
378 1799 484 1838 Milo
505 1796 669 1837 misisse
689 1797 743 1836 ad
766 1796 842 1837 Cn.
866 1795 1115 1849 Pompeium
1143 1794 1371 1843 dicebatur,
1394 1794 1505 1848 quod
1528 1793 1727 1848 Hypsaeo

136 1878 295 1906 summe
311 1863 510 1904 studebat
525 1862 635 1915 quod
648 1861 786 1901 fuerat
800 1861 891 1915 ejus
908 1864 1114 1914 quaestor,
1134 1859 1337 1899 desistere
1351 1873 1395 1899 se
1413 1858 1503 1914 [de]
1524 1858 1728 1913 petitione

137 1929 391 1977 consulatus,
415 1926 450 1967 si
481 1926 541 1967 ita
572 1925 610 1966 ei
640 1925 880 1972 videretur;
918 1923 1165 1978 Pompeium
1192 1923 1467 1978 respondisse,
1500 1923 1653 1964 nemini
1685 1938 1729 1964 se

136 2008 269 2048 neque
301 1991 471 2048 petendi
501 2004 636 2045 neque
668 1988 896 2029 desistendi
926 1992 1141 2029 auctorem
1173 2002 1275 2036 esse,
1311 2003 1444 2043 neque
1472 1988 1614 2043 populi
1646 1988 1728 2028 Ro-

136 2058 247 2100 mani
287 2061 548 2112 potestatem
582 2058 657 2095 aut
698 2053 915 2094 consilium
956 2056 1031 2093 aut
1065 2053 1319 2093 sententiam
1351 2053 1726 2107 interpellaturum.

139 2123 303 2164 Deinde
324 2136 398 2177 per
430 2121 475 2162 C.
505 2119 722 2168 Lucilium,
756 2118 825 2172 qui
855 2121 1028 2172 propter
1066 2117 1126 2158 M.
1162 2116 1376 2158 Ciceronis
1403 2117 1729 2158 familiaritatem

137 2188 298 2229 amicus
319 2191 411 2227 erat
435 2183 598 2231 Miloni,
621 2183 755 2237 egisse
786 2196 948 2237 quoque
980 2181 1209 2231 dicebatur,
1241 2197 1293 2223 116
1320 2197 1365 2223 se
1394 2182 1445 2222 de
1470 2182 1547 2222 hac
1568 2196 1612 2222 re
1633 2196 1728 2222 con-

138 2252 309 2293 sulendo
332 2249 486 2290 invidia
507 2252 711 2288 oneraret.
1369 2255 1373 2258 ’

197 2316 315 2356 Inter
344 2314 447 2354 haec
479 2327 607 2367 quum
638 2312 920 2352 crebresceret
950 2326 1091 2351 rumor
1123 2310 1197 2352 Cn.
1223 2311 1468 2366 Pompeium
1490 2311 1622 2352 creari
1644 2311 1729 2352 dic-

181 2442 386 2481 intercalari]
414 2441 483 2471 The
495 2440 693 2471 Intercalaris
709 2439 815 2470 before
831 2440 909 2471 Cae-

138 2485 214 2516 sar’s
236 2485 442 2514 reformation
460 2494 522 2513 was
545 2483 681 2513 inserted
705 2493 797 2522 every
820 2483 910 2512 other

137 2539 211 2568 year
226 2528 259 2558 in
271 2528 325 2558 the
336 2528 448 2557 mouth
461 2527 494 2556 of
509 2526 678 2565 February.
724 2526 793 2555 The
807 2526 910 2555 Intor-

138 2571 248 2601 calaris
278 2580 340 2600 was
370 2580 388 2599 a
418 2569 529 2599 montli
559 2568 594 2598 of
620 2571 815 2607 twenty-two
848 2568 908 2598 and

139 2614 319 2644 sometimes
343 2612 567 2651 twenty-three
591 2611 678 2650 days,
707 2611 769 2640 and
798 2612 823 2640 it
848 2621 910 2640 was

138 2656 274 2686 inserted
290 2656 369 2686 after
385 2655 438 2684 the
454 2655 531 2685 ‘23rd
549 2654 583 2683 of
596 2654 764 2692 February,
779 2654 839 2683 and
856 2655 911 2683 the

138 2700 198 2729 five
213 2699 387 2736 remaining
402 2697 477 2736 days
494 2697 527 2726 of
544 2696 700 2735 February
715 2706 795 2726 were
811 2696 911 2726 added

139 2744 173 2771 to
195 2742 258 2771 this
282 2740 490 2775 Intercalaris,
506 2739 607 2768 which
624 2739 726 2768 would
748 2739 865 2768 consist
880 2738 916 2768 of

138 2787 369 2823 twenty-seven
385 2793 420 2812 or
435 2781 657 2820 twenty-eight
672 2781 757 2820 days.

182 2828 231 2856 Μ.
252 2825 453 2865 Caepionem]
502 2824 666 2854 Manutius
683 2826 824 2862 suggests
842 2826 848 2840 ‘
863 2823 910 2853 M.

139 2867 345 2899 Ciceronem!
390 2867 481 2898 After
497 2869 504 2883 ⁴
516 2866 697 2896 defenderet
711 2866 717 2877 '
735 2866 912 2904 something

140 2922 210 2951 may
226 2912 304 2942 have
319 2911 399 2942 been
414 2911 494 2946 lost3
518 2909 624 2939 unless
645 2918 690 2937 we
710 2908 801 2938 make
825 2912 832 2924 ¹
848 2909 891 2939 sic
905 2908 912 2920 ’

954 2440 1123 2480 emphatic,
1149 2450 1182 2470 as
1208 2440 1328 2476 Ameis,
1350 2440 1433 2470 cited
1458 2439 1501 2479 by
1524 2439 1631 2475 Halm,
1655 2448 1730 2478 pro-

954 2494 1045 2523 poses
1075 2488 1108 2514 to
1139 2484 1244 2513 do.—‘
1262 2483 1359 2522 [esse]
1379 2482 1398 2512 :⁹
1436 2493 1477 2512 an
1510 2482 1651 2512 addition
1688 2482 1730 2521 by

955 2527 1064 2557 Orelli.
1112 2526 1209 2556 Halm
1234 2536 1303 2565 says
1331 2526 1400 2555 that
1429 2526 1454 2555 it
1483 2525 1509 2555 is
1533 2528 1591 2554 not
1621 2534 1729 2554 neces-

956 2580 1037 2608 sary,
1061 2569 1123 2599 and
1152 2569 1193 2599 he
1222 2578 1294 2608 may
1320 2568 1360 2598 be
1389 2568 1590 2607 right.—‘ex
1617 2565 1727 2603 seer'

956 2612 1064 2642 Halm.

997 2653 1294 2693 interpellaturum]
1345 2652 1397 2682 He
1409 2652 1512 2682 would
1528 2654 1585 2682 not
1599 2653 1729 2691 prevent

956 2707 992 2727 or
1022 2697 1192 2736 anticipate
1220 2694 1438 2736 (vorgreifen),
1466 2705 1499 2725 as
1532 2694 1628 2724 Halm
1655 2702 1728 2722 ren-

956 2740 1026 2769 ders
1056 2738 1292 2777 it.—‘egisse:’
1317 2738 1388 2768 that
1410 2739 1436 2767 is
1463 2740 1552 2767 ‘cum
1583 2734 1728 2765 Milone.'

954 2782 1107 2820 Through
1135 2781 1275 2811 Lucilius
1302 2781 1343 2810 he
1368 2779 1533 2819 requested
1559 2778 1639 2807 Milo
1671 2780 1728 2807 not

955 2828 989 2854 to
1015 2824 1106 2862 bring
1129 2833 1190 2863 any
1206 2823 1313 2853 odium
1336 2832 1378 2852 on
1400 2823 1466 2852 him
1489 2821 1531 2860 by
1546 2821 1657 2859 asking
1680 2820 1729 2850 his

956 2867 1087 2907 opinion
1102 2866 1201 2896 about
1214 2866 1278 2897 this
1294 2868 1419 2895 matter.
