1816 3211
664 151 796 194 OAP.
820 152 1001 192 11—13.
1545 153 1624 195 175

36 266 226 314 libenter,
249 265 303 305 ad
325 269 558 306 extremum
579 268 719 304 tamen
740 279 815 318 pro
838 263 912 305 On.
940 262 1140 317 Pompeio
1161 276 1256 302 vere
1278 262 1626 317 vehementerque

36 329 253 384 pugnavit.
315 329 408 380 Quo
431 329 595 382 quidem
616 327 658 367 in
679 327 917 382 spectaculo
949 327 1054 368 mira
1074 326 1213 381 populi
1237 326 1416 366 Romani
1437 327 1626 380 aequitas

36 398 141 434 erat.
204 393 316 434 Uter
356 408 499 433 eorum
539 393 728 447 perisset,
770 397 984 446 tamquam
1019 391 1184 440 lanista,
1223 391 1265 430 in
1300 391 1503 444 ejusmodi
1537 392 1626 445 pari

36 458 197 497 lucrum
224 457 314 497 fieri
341 457 533 510 putabat,
567 456 844 496 immortalem
877 470 974 495 vero
1003 461 1236 509 quaestum,
1267 455 1300 494 si
1323 461 1499 509 uterque
1521 455 1626 495 ceci-

36 521 180 562 disset.
244 521 328 561 Sed
366 521 433 560 ille
473 526 615 561 tamen
655 521 808 574 agebat
848 519 1029 573 aliquid:
1076 520 1277 560 tuebatur
1325 520 1627 560 auctoritatem

35 585 184 625 summi
215 585 304 625 viri.
367 584 474 625 Erat
505 585 595 639 ipse
628 584 867 632 sceleratus,
902 588 992 624 erat
1024 584 1259 637 gladiator3
1295 598 1390 624 cum
1423 583 1626 625 scelerato

35 654 175 689 tamen
208 654 252 690 et
286 663 379 689 cum
416 649 507 703 pari
541 648 773 702 gladiatore
808 648 1037 701 pugnabat.
1099 648 1175 696 Tu,
1211 647 1369 688 scilicet
1402 648 1526 688 homo
1562 663 1625 689 re-

33 713 205 768 ligiosus
236 717 280 753 et
309 717 493 761 sanctus,
529 712 686 760 foedus,
722 712 831 765 quod
862 725 955 751 meo
988 711 1190 766 sanguine
1223 712 1264 751 in
1299 712 1493 765 pactione
1532 727 1626 767 pro—

34 778 261 818 vinciarum
284 777 427 827 iceras,
460 777 652 831 frangere
680 775 864 816 noluisti.
925 776 1104 817 Gaverat
1126 776 1234 816 enim
1257 777 1334 816 sibi
1356 777 1422 817 ille
1444 778 1626 818 sororius

34 842 212 890 adulter,
246 846 306 889 ut,
339 841 374 882 si
402 841 479 881 tibi
510 840 777 895 provinciam,
808 840 843 880 si
874 840 1118 889 exercitum,
1143 840 1177 880 si
1198 840 1418 894 pecuniam
1440 847 1627 895 ereptam

34 921 86 947 ex
126 906 184 946 rei
224 906 413 960 publicae
452 906 678 946 visceribus
727 904 924 954 dedisset,
978 904 1161 945 omnium
1211 919 1380 945 suorum
1425 906 1626 946 scelerum

33 970 192 1010 socium
221 974 265 1010 te
297 971 618 1023 adjutoremque
649 969 885 1023 praeberes.
949 968 1099 1022 Itaque
1132 969 1173 1008 in
1201 969 1269 1008 illo
1298 970 1482 1010 tumultu
1503 970 1624 1011 fracti

32 1034 179 1083 fasces,
203 1033 312 1074 ictus
333 1034 434 1088 ipse,
457 1033 641 1088 quotidie
662 1033 758 1080 tela,
776 1033 946 1087 lapides,
969 1033 1119 1088 fugae;
1146 1033 1429 1088 deprehensus
1450 1035 1626 1090 denique

35 1113 130 1138 cum
162 1098 271 1138 ferro
304 1099 357 1138 ad
390 1103 585 1138 senatum
616 1097 651 1137 is
685 1112 807 1152 quem
831 1097 884 1137 ad
922 1096 997 1138 Cn.
1027 1097 1272 1152 Pompeium
1305 1099 1626 1140 interimendum

34 1162 283 1202 collocatum
323 1162 448 1202 fuisse
499 1162 735 1202 constabat.
797 1160 937 1201 XIII.
983 1161 1142 1216 Ecquis
1177 1162 1337 1203 audivit
1378 1178 1461 1203 non
1502 1165 1624 1204 modo

33 1225 243 1266 actionem
264 1226 444 1279 aliquam
475 1230 548 1265 aut
578 1225 834 1273 relationem,
867 1225 941 1264 sed
966 1239 1111 1265 vocem
1133 1226 1300 1266 omnino
1321 1232 1394 1267 aut
1417 1228 1625 1282 querelam

34 1291 182 1330 tuam?
242 1289 462 1330 Consulem
494 1294 583 1330 tum
614 1293 656 1329 te
686 1288 812 1328 fuisse
843 1293 977 1342 putas,
1011 1290 1131 1343 cujus
1162 1290 1202 1329 in
1231 1290 1414 1344 imperio,
1438 1292 1507 1345 qui
1538 1307 1624 1332 rem

34 1353 255 1408 publicam,
292 1359 462 1394 senatus
496 1352 792 1393 auctoritatem
827 1357 1026 1401 servarat,
1064 1353 1255 1408 idemque
1296 1355 1337 1394 in
1382 1355 1517 1404 ltalia,
1556 1357 1625 1410 qui

36 1432 178 1458 omnes
199 1417 381 1458 omnium
401 1416 590 1471 gentium
611 1421 752 1470 partes
782 1416 918 1457 tribus
940 1417 1160 1472 triumphis
1182 1419 1437 1468 devinxerat,
1462 1420 1496 1460 is
1517 1435 1562 1461 se
1584 1421 1625 1460 in

34 1481 200 1536 publico
241 1486 335 1521 tuto
376 1481 529 1521 statuit
569 1495 659 1520 esse
700 1494 782 1520 non
815 1483 967 1534 posse?
1027 1482 1097 1521 An
1131 1487 1220 1523 tum
1262 1484 1390 1524 eratis
1422 1485 1623 1529 consules,

34 1560 172 1600 quum,
208 1559 466 1600 quacumque
494 1545 544 1584 de
576 1558 620 1584 re
647 1545 819 1584 verbum
848 1544 985 1585 facere
1018 1547 1251 1600 coeperatis
1278 1552 1351 1588 aut
1387 1550 1540 1590 referre
1571 1551 1623 1590 ad

34 1614 236 1659 senatum,
272 1613 448 1649 cunctus
484 1608 585 1648 ordo
619 1607 886 1656 reclamabat,
926 1610 1257 1665 ostendebatque
1292 1612 1391 1651 nihil
1428 1628 1518 1654 esse
1554 1629 1625 1655 vos

34 1678 216 1723 acturos,
251 1673 328 1712 nisi
358 1672 473 1726 prius
501 1672 552 1712 de
582 1686 648 1712 me
679 1672 977 1713 rettulissetis?
1008 1687 1134 1727 quum
1163 1689 1247 1722 vos,
1271 1690 1521 1731 quamquam
1541 1679 1624 1719 foe-

36 1738 133 1778 dere
175 1736 368 1778 obstricti
407 1735 672 1785 tenebamini,
710 1741 851 1777 tamen
888 1751 1039 1791 cupere
1074 1752 1148 1778 vos
1180 1739 1390 1787 diceretis,
1424 1743 1498 1782 sed
1533 1743 1624 1798 lege

35 1801 250 1856 impediri?
310 1802 427 1853 Quae
467 1800 535 1841 lex
567 1800 742 1855 privatis
777 1800 1013 1841 hominibus
1045 1816 1136 1843 esso
1170 1803 1238 1843 lex
1279 1819 1360 1844 non
1394 1806 1623 1855 videbatur,

35 1865 175 1906 inusta
195 1880 269 1919 per
298 1879 449 1915 servos,
474 1864 604 1904 incisa
634 1879 709 1919 per
738 1864 830 1914 vim,
854 1864 1048 1919 imposita
1068 1881 1141 1920 per
1162 1867 1437 1919 latrocinium,
1462 1872 1626 1927 sublatO

80 1963 242 1999 tamquam
276 1959 409 1998 lanista]
461 1959 530 1989 The
567 1958 706 1998 Populus
746 1958 810 1988 Ro-

36 2012 148 2032 manus
177 2012 229 2032 are
259 2001 423 2041 compared
454 2004 487 2031 to
513 2001 568 2031 the
599 2000 750 2031 ‘lanista’
775 2010 811 2030 or

35 2045 173 2082 training
183 2047 298 2074 master
313 2045 348 2074 of
360 2045 414 2074 the
426 2044 604 2083 gladiators.
652 2043 721 2073 Itis
737 2053 810 2082 easy

856 1959 1030 1989 Lambinus
1047 1961 1200 1999 proposed
1217 1962 1374 2002 ‘itemque
1389 1964 1420 1993 in
1438 1964 1552 1995 Italia!
1598 1968 1626 1997 A

856 2001 955 2031 friend
974 2002 1010 2031 of
1024 2003 1133 2033 Ursini
1153 2005 1307 2043 proposed
1324 2009 1356 2034 to
1373 2006 1492 2045 change
1509 2009 1625 2038 ‘idem-

855 2043 934 2083 que'
965 2045 1031 2074 into
1070 2046 1116 2075 ‘is
1146 2046 1201 2076 se.’
1262 2048 1448 2078 Gulielmius
1471 2052 1626 2090 proposed

36 2090 70 2117 to
85 2087 277 2117 understand
292 2087 362 2125 why
379 2087 433 2116 the
455 2086 568 2125 people
591 2086 644 2115 did
669 2090 726 2115 not
741 2095 811 2115 care

37 2129 178 2159 whether
207 2129 336 2160 Clodius
359 2139 395 2158 or
425 2128 578 2158 Gabinius
607 2128 752 2167 perislied
779 2129 811 2157 in

37 2171 92 2201 the
107 2171 187 2210 fight
201 2183 208 2208 ;
232 2182 290 2201 nor
305 2171 407 2200 would
424 2180 442 2200 a
456 2174 463 2187 ⁸
477 2170 590 2200 lanista
603 2170 610 2184 '
628 2180 697 2200 care
709 2170 811 2200 which

38 2213 74 2243 of
85 2213 134 2242 his
150 2223 223 2243 men
233 2213 315 2248 died,
328 2213 355 2242 if
366 2213 406 2242 he
422 2213 483 2242 lost
496 2212 628 2251 nothing
643 2212 684 2251 by
697 2213 731 2242 it.
779 2213 812 2242 If

37 2255 78 2284 he
103 2255 163 2285 had
180 2265 199 2284 a
214 2255 324 2294 couple
348 2255 384 2284 of
402 2254 613 2284 troublesomc
639 2254 755 2284 follows
775 2255 808 2284 in

38 2297 88 2326 his
104 2307 268 2336 company.
286 2297 324 2326 he
340 2297 442 2326 would
458 2296 497 2327 be
512 2297 583 2335 glad
600 2300 632 2326 to
649 2300 701 2336 get
717 2297 763 2327 rid
777 2297 812 2328 of

39 2339 149 2374 either,
166 2340 227 2368 and
243 2339 278 2368 of
290 2339 378 2368 both.

83 2383 116 2411 in
128 2382 278 2419 'melione
297 2381 555 2420 provinciarum]
583 2383 602 2398 ‘⁴
617 2381 677 2411 Pro
693 2381 809 2419 glosse-

40 2426 124 2453 mate
140 2423 235 2453 habet
253 2423 337 2452 Bake
354 2423 394 2453 iv.
412 2434 442 2463 p.
460 2425 522 2454 302
534 2423 554 2436 ”
580 2423 720 2464 (Halm).
738 2424 810 2454 Per-

40 2465 118 2504 haps
135 2465 221 2495 Bake
236 2465 261 2494 is
277 2465 424 2503 right.—‘
439 2466 575 2495 sororius
595 2466 718 2496 adulter
730 2466 749 2496 ;’
777 2467 810 2496 P.

41 2507 233 2538 Clodius.—‘
244 2507 333 2537 fracti
360 2508 455 2538 fasces
473 2530 480 2538 .
499 2530 505 2537 .
525 2531 531 2537 .
548 2508 667 2547 lapides
681 2508 700 2538 :’
725 2518 811 2538 com-

40 2560 115 2590 pare
143 2550 191 2579 De
217 2549 331 2586 Domo,
353 2560 379 2579 c.
407 2552 458 2579 25.
503 2549 572 2580 The
597 2550 736 2580 ‘fasces’
761 2561 813 2581 are

39 2592 94 2622 the
119 2591 255 2621 ‘fasces’
280 2592 315 2620 of
339 2591 807 2632 Gabinius.-‘deprehensusz'

40 2634 94 2664 the
110 2635 193 2664 slave
209 2634 244 2663 of
267 2634 406 2669 Clodius,
423 2634 492 2663 who
510 2644 572 2664 was
592 2635 657 2664 said
685 2638 717 2664 to
734 2635 812 2665 have

39 2676 119 2706 been
135 2677 272 2706 directed
288 2680 321 2706 to
338 2676 392 2705 kill
419 2677 583 2715 Pompeius
607 2676 682 2716 (Pro
699 2678 811 2713 Sestio,

39 2729 66 2749 c.
84 2719 150 2757 32).

86 2762 135 2790 13.
166 2760 303 2799 Ecquis]
368 2760 486 2789 Halm:
520 2763 528 2776 ¹
546 2759 588 2789 Et
611 2759 702 2800 quis'
730 2761 812 2791 C.—

41 2805 49 2819 ‘
62 2805 128 2833 tum
141 2803 160 2833 :¹
195 2803 312 2837 ¹tun0,’
343 2802 497 2837 VVnnder,
531 2802 811 2833 Halin.—-⁴idem-

40 2854 102 2884 que
131 2845 163 2875 in
190 2844 305 2875 Italia!
350 2845 454 2875 These
476 2844 577 2874 words
599 2854 652 2874 are
674 2847 811 2884 corrupt.

857 2086 1036 2126 ‘fidemque
1059 2088 1091 2117 in
1112 2088 1235 2118 Italiaz'
1259 2090 1450 2125 Mommsen,
1469 2093 1569 2122 ‘idem
1594 2104 1627 2123 se

855 2128 887 2158 in
914 2129 1034 2165 Italia3’
1061 2130 1116 2160 the
1143 2131 1212 2160 best
1237 2132 1272 2162 of
1291 2133 1342 2162 all.
1403 2134 1495 2163 Ilulm
1524 2137 1627 2166 writes

858 2174 864 2187 ‘
878 2181 943 2200 rem
957 2172 1114 2211 publicam
1132 2179 1259 2204 senatus
1275 2176 1482 2210 auctoritate:
1494 2178 1626 2208 without

852 2213 957 2252 giving
972 2224 1033 2254 any
1049 2216 1228 2246 variations.
1273 2217 1342 2247 The
1358 2219 1425 2248 first
1442 2223 1511 2258 part
1526 2221 1561 2250 of
1574 2222 1627 2250 tlw

853 2259 1010 2292 sentence,
1043 2259 1116 2297 ‘qui
1146 2269 1211 2289 rem
1244 2260 1400 2298 publicam
1425 2284 1432 2291 .
1455 2284 1463 2291 .
1486 2285 1492 2292 .
1512 2263 1625 2296 Italia)

853 2297 949 2328 refers
964 2302 998 2328 to
1015 2299 1143 2330 Cicero:
1168 2301 1223 2331 the
1247 2302 1335 2332 three
1358 2303 1513 2343 triumphs
1538 2306 1625 2344 point

854 2344 887 2370 to
915 2341 1094 2380 Pompeius,
1121 2343 1190 2373 who
1217 2355 1278 2374 was
1308 2350 1341 2374 at
1371 2346 1433 2375 this
1465 2348 1627 2377 turbulent.

854 2383 931 2412 time
946 2384 1043 2465 visi-uid
1059 2388 1092 2414 to
1108 2385 1194 2416 leave
1210 2386 1258 2417 his
1274 2387 1381 2418 house.
1419 2389 1495 2429 (Pro
1513 2391 1624 2423 Sestio.

856 2435 881 2457 c,
897 2427 947 2455 32.

899 2471 956 2498 aul
972 2468 1096 2506 referre
1111 2471 1154 2500 ad
1167 2472 1329 2511 senatum]
1360 2473 1503 2504 XVuuder
1518 2475 1625 2504 thinks

856 2509 946 2540 these
961 2511 1062 2541 words
1078 2522 1130 2542 are
1145 2523 1163 2542 a
1180 2514 1344 2552 glossema.
1361 2516 1422 2545 aud
1441 2518 1556 2548 merelr
1573 2519 1626 2546 iln-

855 2553 1057 2590 explanation
1085 2555 1119 2584 of
1141 2556 1194 2585 the
1217 2557 1317 2587 words
1335 2558 1482 2588 ‘verbum
1508 2551 1624 2589 thim-i*

856 2593 984 2634 (Variae
1024 2596 1201 2634 Lectiones,
1234 2602 1289 2629 &aa
1327 2610 1357 2638 p.
1383 2601 1592 2637 liiii—*1020
1606 2602 1624 2630 :'

856 2636 910 2666 the
936 2637 1000 2667 Lex
1021 2638 1131 2669 Clodia
1151 2641 1271 2679 against
1289 2643 1397 2672 Cicero
1415 2644 1491 2681 (Pro
1514 2636 1623 2675 Sestio.

857 2688 882 2708 c.
895 2678 962 2718 32).
976 2680 1079 2710 where
1095 2682 1134 2712 he
1150 2693 1231 2723 says,
1246 2687 1267 2700 ‘¹
1280 2685 1343 2724 qui,
1358 2695 1453 2724 quum
1468 2686 1498 2714 in
1515 2692 1624 2715 senatu

856 2721 1004 2760 privati,''
1022 2726 1078 2753 &eu

899 2764 1006 2794 inusta
1025 2757 1090 2804 aver²
1113 2768 1234 2807 servos]
1274 2769 1316 2798 ‘A
1344 2769 1391 2797 lox
1419 2769 1497 2797 fixml
1525 2769 1555 2797 in
1583 2768 1623 2806 by

856 2803 1040 2846 branding3'
1072 2808 1130 2838 but
1165 2810 1304 2840 brnnded
1334 2821 1375 2839 on
1407 2811 1486 2839 wlint
1501 2811 1512 2839 ?
1575 2810 1624 2838 lle

857 2846 960 2878 leaves
975 2859 1011 2879 us
1025 2853 1057 2880 to
1073 2852 1228 2891 complete
1244 2853 1292 2882 his
1308 2856 1508 2890 extruvagunt
1526 2856 1622 2880 inetu-
