1816 3211
149 154 232 193 416
590 155 766 197 ORAT.
802 155 921 196 PRO
956 156 1005 207 Q.
1041 155 1297 197 LIGARIO

149 280 274 321 quam
295 267 374 307 hoc
396 267 544 307 modo:
582 272 591 288 ‘
609 267 832 321 Ignoscite,
851 267 1028 321 judices,
1051 267 1214 317 erravit,
1244 269 1385 323 lapsus
1416 274 1494 320 est,
1518 286 1600 312 non
1616 276 1738 326 puta-

148 331 232 378 vit;
267 331 301 371 si
323 347 519 387 umquam
541 333 871 386 postliac.'—Ad
895 337 1112 387 parentem
1133 333 1192 373 sic
1214 333 1282 387 agi
1304 334 1439 383 solet3
1474 337 1525 376 ad
1543 337 1733 391 judices:

151 396 271 436 ‘Non
306 396 420 444 fecit,
462 411 543 436 non
583 396 796 449 cogit-avit,
836 397 927 437 falsi
959 401 1104 445 testes,
1137 397 1282 438 fictum
1320 399 1644 442 c1·imen.'——Dic
1680 407 1734 453 te,

149 460 313 510 Caesar,
338 462 388 500 de
416 461 529 501 facto
561 460 717 514 Ligarii
744 461 928 514 judicem
959 476 1077 508 esse;
1113 462 1262 516 quibus
1292 463 1333 502 in
1364 465 1581 517 praesidiis
1611 467 1738 506 fucrit

148 540 322 580 quaere:
368 530 501 573 taceO,
536 539 586 564 ne
628 525 732 565 haec
774 526 942 581 quidem
984 526 1133 580 colligo
1190 542 1295 581 quae
1337 529 1516 570 fortasse
1552 531 1738 572 valerent

146 590 271 631 ctiam
303 590 413 643 apud
430 589 641 643 judicem:
680 594 704 610 ‘⁶
724 590 912 645 Legatus
944 596 1042 631 ante
1074 591 1226 632 bellum
1257 594 1482 647 profectus,
1506 595 1674 635 relictus
1695 595 1737 635 in

145 669 259 710 pace,
284 655 390 695 bello
419 670 653 710 oppressus,
679 655 719 695 in
742 671 790 696 eo
812 656 901 711 ipso
923 671 1007 697 non
1036 658 1224 706 acerbus,
1243 658 1330 711 jam
1356 664 1421 700 est
1452 664 1568 700 totus
1598 661 1736 701 animo

144 724 187 760 et
207 719 348 761 studio
369 720 507 760 tuus?⁵
540 720 610 760 Ad
627 720 815 774 judicem
836 722 895 762 sic
922 721 1009 777 [agi
1033 722 1174 777 solet],
1194 724 1266 763 sed
1288 738 1367 778 ego
1389 724 1499 778 apud
1521 730 1736 778 parentem

143 785 313 839 loquor:
351 788 375 805 “
391 785 551 834 Erravi,
582 790 740 826 temere
763 786 855 835 feci,
880 787 1095 841 poenitet;
1136 788 1189 827 ad
1211 788 1473 829 clementiam
1494 794 1610 829 tuam
1638 803 1736 830 con-

143 849 269 903 fugio,
307 849 446 890 delicti
483 849 645 890 veniam
679 855 805 905 peto,
848 857 896 893 ut
927 851 1169 905 ignoscatur
1200 852 1312 893 oro.”
1375 852 1419 893 Si
1453 868 1574 893 nemo
1610 853 1736 908 impe-

143 914 285 964 travit,
322 920 593 969 arroganter;
629 915 663 956 si
686 915 861 970 plurimi,
886 922 934 957 tu
955 916 1064 957 idem
1085 917 1147 956 fer
1168 931 1301 971 opem,
1326 917 1394 972 qui
1416 932 1532 972 spem
1565 918 1734 959 dedisti.

143 980 215 1019 An
246 980 437 1034 sperandi
463 980 629 1034 Ligario
663 995 812 1021 caussa
840 996 921 1021 non
954 981 1022 1029 sit,
1045 996 1170 1036 quum
1201 982 1303 1021 mihi
1333 983 1442 1036 apud
1465 989 1506 1022 te
1533 982 1649 1022 locus
1679 982 1736 1023 sit

142 1044 269 1085 etiam
290 1060 364 1098 pro
393 1044 525 1085 altero
550 1045 799 1100 deprecandi
818 1047 830 1086 ἓ
892 1047 1153 1100 Quamquam
1174 1061 1249 1087 nec
1272 1047 1313 1086 in
1334 1047 1411 1087 hac
1431 1047 1617 1087 oratione
1639 1062 1735 1102 spes

142 1114 207 1150 est
238 1109 376 1163 posita
417 1124 603 1158 caussae,
638 1124 713 1150 nec
755 1111 797 1150 in
831 1125 973 1151 eorum
1005 1111 1169 1160 studiis,
1209 1111 1278 1165 qui
1314 1126 1338 1151 a
1376 1116 1418 1152 te
1454 1126 1529 1166 pro
1566 1111 1734 1166 Ligario

141 1178 291 1227 petunt
326 1173 388 1214 tui
428 1173 662 1214 necessarii.
726 1174 814 1213 XI.
848 1174 949 1214 Vidi
983 1174 1092 1215 enim
1129 1179 1172 1214 et
1208 1175 1384 1228 cognovi
1421 1175 1520 1229 quid
1555 1176 1734 1216 maxime

141 1243 366 1292 spectares,
390 1252 517 1291 quum
538 1252 614 1291 pro
636 1237 811 1291 alicujus
832 1237 966 1278 salute
988 1238 1108 1278 multi
1130 1238 1368 1279 laborarent
1386 1257 1397 1286 ς
1433 1253 1603 1279 caussas
1624 1241 1736 1294 apud

139 1308 183 1343 te
219 1302 458 1357 rogantium
493 1302 763 1356 gratiosiores
799 1317 891 1342 esse
927 1317 1051 1357 quam
1083 1303 1247 1350 vultus3
1297 1317 1431 1358 neque
1468 1308 1509 1344 te
1544 1312 1735 1358 spectare

140 1382 263 1423 quam
295 1372 394 1408 tuus
423 1372 534 1408 esset
569 1366 831 1407 necessarius
858 1367 893 1407 is
922 1367 990 1422 qui
1012 1372 1055 1408 te
1078 1372 1230 1416 oraret,
1263 1368 1336 1408 sed
1365 1383 1488 1423 quam
1519 1368 1627 1409 illius
1657 1384 1734 1424 pro

141 1449 221 1489 quo
256 1433 479 1474 laboraret.
543 1432 692 1487 Itaque
724 1432 875 1473 tribuis
904 1437 951 1474 tu
983 1432 1148 1487 quidem
1174 1432 1259 1473 tuis
1294 1432 1354 1473 ita
1389 1432 1521 1475 multa
1554 1439 1604 1475 ut
1633 1434 1734 1475 mihi

140 1556 266 1588 dious.’'
311 1556 425 1587 Caesar
454 1556 511 1586 left
547 1567 641 1596 many
672 1556 830 1596 speeches,
858 1556 917 1586 but

140 1601 274 1639 nothing
303 1601 438 1629 remains
468 1603 580 1639 except
609 1610 627 1629 a
657 1599 716 1628 few
754 1603 915 1629 sentences

140 1643 290 1673 collected
318 1642 359 1682 by
375 1643 486 1682 Meyer
508 1643 539 1672 in
565 1643 613 1672 his
630 1646 648 1658 “
661 1642 832 1672 oratorum
850 1643 914 1672 Ro-

141 1696 305 1716 manorum
334 1685 449 1724 Frag.'’
496 1685 608 1724 Meyer
632 1685 694 1714 and
710 1686 816 1715 others
839 1695 914 1724 sup-

141 1740 217 1768 pose
247 1729 301 1758 the
339 1729 453 1767 speech
483 1729 584 1757 which
625 1728 741 1757 Sallust
778 1732 852 1767 puts
882 1728 915 1757 in

142 1771 284 1802 Caesar’s
301 1771 411 1801 mouth
427 1781 467 1800 on
484 1771 538 1800 the
559 1771 701 1800 occasion
728 1770 764 1799 of
784 1771 838 1800 the
860 1770 913 1800 de-

142 1814 214 1843 bate
230 1814 326 1843 about
342 1814 513 1853 pnnishiug
528 1813 582 1842 the
598 1813 807 1851 conspirators
823 1816 856 1842 to
874 1812 913 1842 be

144 1857 287 1886 Sallust’s
303 1866 373 1885 own
389 1856 475 1885 work
492 1855 577 1896 (Cat.
595 1866 620 1884 c.
639 1855 706 1894 51).

187 1899 225 1929 G.
257 1899 294 1928 E.
326 1899 404 1928 have
435 1901 486 1928 ‘et
516 1897 665 1937 quidem.’
723 1898 819 1927 Halm
850 1898 911 1927 and

143 1942 250 1972 Baiter
269 1942 348 1971 have
373 1940 558 1981 ‘equidem.’
607 1940 782 1973 Quintilian
797 1940 862 1980 (vii.
883 1943 912 1971 4.

145 1984 199 2023 17)
237 1985 269 2014 in
308 1984 440 2024 quoting
476 1984 540 2013 this
574 1993 712 2022 passage,
745 1983 912 2020 ‘Caussas,

143 2027 266 2063 Caesar,
285 2049 292 2057 .
312 2052 319 2058 .
338 2050 346 2057 .
363 2037 502 2066 unquam
526 2026 679 2066 posthac,’
705 2036 795 2066 says:
822 2029 841 2043 “
853 2027 912 2056 Ul-

141 2070 219 2099 tima
249 2074 296 2099 est
318 2070 514 2109 Deprecati0‚
549 2069 632 2108 quod
663 2079 760 2107 genus
786 2079 912 2099 caussae

140 2113 283 2152 plerique
319 2116 475 2151 negarunt
510 2112 543 2141 in
570 2112 722 2150 judicium
760 2122 911 2151 umquam

140 2156 256 2185 venire.
302 2156 387 2188 Quin
419 2155 526 2185 Cicero
553 2164 677 2194 quoque
707 2165 764 2194 pro
792 2155 912 2187 Quinto

142 2199 266 2237 Ligario
296 2199 378 2228 idem
416 2198 522 2227 testari
549 2198 670 2227 videtur
708 2208 804 2237 quum
836 2198 912 2227 dicit

142 2241 320 2277 ‘Caussas‚'
353 2244 409 2270 διο.
456 2241 496 2270 In
526 2244 636 2270 senatu
664 2250 737 2270 vero
767 2244 798 2270 et
828 2241 911 2280 apud

141 2284 291 2322 populum
319 2287 350 2313 et
374 2283 457 2323 apud
482 2283 653 2323 principem
679 2286 711 2313 et
733 2283 914 2323 ubicunque

137 2327 218 2364 juris
248 2327 413 2356 clementia
442 2330 499 2363 est,
525 2326 621 2356 habet
650 2326 754 2356 locum
791 2327 912 2366 Depre-

140 2367 256 2398 catio.''

184 2420 247 2440 non
258 2412 402 2451 putavit]

141 2453 181 2483 he
204 2463 266 2482 was
289 2454 393 2493 doing,
417 2465 452 2484 or
476 2455 515 2484 he
538 2454 598 2483 had
622 2465 663 2484 no
693 2455 851 2484 intention
881 2455 916 2485 of

141 2496 236 2535 doing
259 2496 347 2525 it.-—⁴
361 2498 385 2525 si
410 2508 558 2536 umquam
574 2497 593 2526 ε’
618 2497 662 2526 ‘if
685 2507 756 2527 ever
779 2498 819 2527 he
838 2498 913 2528 does

140 2539 165 2568 it
180 2539 292 2577 again,’
316 2539 330 2567 I
349 2540 427 2568 shall
443 2544 498 2569 not
519 2540 575 2570 ask
598 2540 645 2569 for
668 2540 807 2579 pardon;
831 2550 865 2570 as
880 2541 912 2570 in

140 2581 307 2611 Terence’s
325 2581 481 2617 Phormio,
498 2583 518 2611 i.
535 2585 564 2612 2.
583 2585 641 2613 92:

453 2412 504 2441 He
519 2411 571 2441 did
587 2414 644 2441 not
666 2411 759 2441 think
775 2412 809 2442 of
829 2412 913 2442 what

206 2642 224 2656 “
240 2639 374 2668 Posthac
390 2640 415 2668 si
432 2640 608 2678 quicquam,
626 2641 703 2670 nihil
718 2640 862 2680 precor.”

141 2706 297 2741 Donatus,
324 2715 358 2734 as
386 2705 482 2734 Halm
514 2707 664 2743 remarks,
692 2708 824 2746 quoting
859 2707 913 2737 the

140 2748 241 2778 words
267 2749 299 2777 in
324 2748 378 2777 the
399 2748 517 2776 Andria
544 2749 563 2776 i.
590 2750 616 2778 l.
643 2750 693 2785 86,
721 2754 727 2765 ‘
744 2751 831 2780 Haec
855 2760 912 2789 ego

141 2791 313 2831 putabain,'
339 2800 408 2829 says
433 2793 452 2806 “
467 2791 592 2819 Putare
607 2794 655 2820 est
679 2793 744 2829 ejus
768 2793 822 2832 qui
839 2793 912 2822 sim-

141 2835 282 2873 plicitate
305 2833 439 2872 pectoris
455 2832 619 2862 aberravit.
666 2834 786 2871 Cicero,
816 2838 823 2852 ‘
838 2835 912 2866 Non

139 2877 273 2916 putavit,
289 2877 395 2915 lapsus
410 2874 479 2905 est!
495 2874 515 2888 '⁸’

1004 1557 1069 1586 Dic
1086 1558 1125 1591 te,
1147 1555 1277 1595 Caesar]
1327 1556 1399 1585 Itis
1415 1556 1470 1586 the
1491 1566 1577 1586 same
1598 1567 1632 1587 as
1655 1557 1682 1588 if
1694 1557 1735 1588 he

959 1599 1035 1634 said,
1065 1602 1072 1616 ‘
1087 1599 1120 1628 If
1139 1608 1212 1638 you,
1235 1598 1358 1635 Caesar,
1385 1609 1438 1638 say
1465 1600 1534 1629 that
1559 1610 1621 1639 you
1643 1610 1695 1630 are
1715 1611 1734 1630 a

958 1642 1072 1677 Judex,
1095 1645 1164 1678 &c.‚
1191 1642 1268 1671 then
1288 1642 1303 1671 I
1329 1652 1383 1680 say
1405 1642 1548 1681 nothing,
1575 1643 1590 1672 I
1611 1643 1651 1672 do
1676 1647 1734 1673 not

958 1695 1036 1714 even
1066 1688 1125 1724 put
1157 1684 1302 1723 together
1330 1684 1384 1713 the
1420 1689 1602 1722 arguments
1631 1685 1732 1714 which

958 1727 1060 1765 might
1086 1727 1220 1765 perhaps
1237 1727 1315 1756 have
1331 1737 1417 1756 some
1433 1727 1548 1766 weight
1562 1737 1639 1757 even
1655 1729 1732 1758 with

957 1779 977 1799 a
991 1770 1011 1799 J
1015 1769 1120 1799 udex.'

991 1813 1064 1850 jam
1081 1811 1142 1850 est]
1191 1811 1330 1849 Madvig,
1356 1811 1472 1841 Baiter.
1517 1812 1620 1842 There
1641 1813 1669 1842 is
1688 1824 1730 1843 no

957 1864 1047 1883 sense
1084 1854 1117 1883 in
1153 1854 1207 1883 the
1243 1854 1371 1893 reading
1409 1855 1521 1884 ‘etiam
1561 1856 1586 1884 si
1620 1856 1730 1886 totus.’

958 1897 1108 1927 Graevius
1120 1897 1274 1936 proposed
1290 1900 1322 1925 to
1338 1898 1416 1926 omit
1433 1901 1439 1913 ‘
1452 1898 1544 1926 etiam
1562 1898 1610 1927 si.'

1006 1939 1075 1979 [aqi
1103 1939 1218 1978 solet]]
1267 1939 1371 1969 These
1401 1940 1502 1969 words
1539 1941 1618 1970 have
1650 1941 1730 1971 been

958 1982 1116 2021 supposed
1138 1987 1195 2011 not
1219 1985 1252 2010 to
1275 1982 1314 2011 be
1337 1983 1538 2020 genuine.——‘
1553 1984 1677 2013 erravi.
1696 2006 1703 2013 .
1722 2006 1730 2013 .

957 2025 1014 2055 feci
1027 2025 1046 2054 ι’
1072 2025 1111 2054 G.
1129 2025 1166 2054 E.
1213 2024 1320 2054 Baiter
1335 2025 1391 2054 has
1409 2025 1540 2055 ‘erravit
1557 2048 1564 2055 .
1583 2048 1590 2055 .
1609 2048 1617 2055 .
1633 2026 1730 2056 fecit.y

1000 2070 1035 2098 tu
1051 2068 1149 2107 idem]
1199 2067 1343 2097 Donatus
1369 2068 1454 2107 (Ter.
1476 2068 1559 2097 And.
1576 2068 1607 2097 ii.
1628 2070 1655 2098 l.
1676 2069 1728 2108 19)

957 2115 1069 2149 quotes
1095 2110 1149 2139 the
1175 2110 1276 2139 words
1301 2111 1396 2140 thus:
1427 2111 1508 2140 “Tu
1531 2111 1570 2140 da
1596 2111 1731 2141 salutem

957 2154 1010 2193 qui
1027 2163 1113 2192 spem
1131 2153 1244 2182 dedisti
1257 2152 1277 2166 ''
1297 2152 1446 2194 (Baiter).

998 2197 1052 2226 An
1067 2196 1217 2234 sperandi
1231 2218 1238 2225 .
1251 2218 1258 2225 .
1277 2218 1284 2225 .
1297 2196 1489 2234 deprecandi
1502 2197 1534 2233 .7]
1554 2196 1677 2229 Quoted
1689 2196 1732 2236 by

957 2238 1133 2271 Quintilian
1151 2241 1194 2277 (v.
1215 2239 1263 2268 10.
1280 2238 1335 2278 93)
1352 2249 1385 2268 35
1402 2249 1441 2268 an
1457 2239 1599 2278 example
1622 2239 1657 2268 of
1677 2239 1731 2269 the

959 2284 967 2298 ⁴
981 2285 1201 2321 argumentum
1227 2291 1263 2310 ex
1282 2281 1475 2318 difficiliore‚'
1499 2292 1533 2311 as
1551 2282 1590 2311 he
1606 2281 1679 2311 calls
1694 2283 1729 2311 it.

958 2327 966 2341 ¹
979 2324 1013 2354 If
1026 2324 1140 2354 Caesar
1155 2323 1246 2354 could
1261 2324 1381 2363 pardon
1393 2334 1452 2360 me,
1469 2324 1530 2354 and
1546 2334 1623 2354 even
1640 2325 1730 2354 allow

957 2377 1008 2397 me
1023 2371 1055 2397 to
1072 2367 1166 2406 speak
1194 2367 1243 2395 for
1264 2377 1283 2396 a
1301 2367 1411 2402 friend,
1434 2367 1495 2397 this
1520 2367 1621 2397 friend
1644 2371 1730 2397 must

957 2410 1035 2439 have
1050 2410 1131 2449 good
1146 2409 1269 2448 ground
1285 2409 1331 2439 for
1346 2409 1450 2449 hope.'

1004 2454 1051 2483 ll.
1068 2452 1190 2491 vultus]
1219 2452 1294 2488 “C„
1313 2455 1320 2469 ‘
1332 2462 1438 2492 preces
1451 2451 1458 2464 ’
1476 2452 1514 2482 G.
1529 2452 1578 2489 E„
1593 2452 1688 2482 sedin
1701 2451 1728 2481 E

957 2495 1202 2534 superscriptum
1219 2498 1266 2524 est
1290 2496 1357 2525 ‘vel
1380 2495 1506 2525 vullus'
1525 2494 1546 2508 ”
1579 2494 1729 2533 (Baiter).

958 2538 1066 2568 Cicero
1098 2537 1163 2569 said
1189 2541 1221 2567 at
1250 2537 1306 2567 the
1335 2538 1396 2567 end
1421 2537 1456 2567 of
1481 2537 1536 2567 the
1562 2537 1730 2577 preceding

958 2581 1089 2619 chapter
1115 2580 1184 2609 that
1210 2580 1364 2618 Ligarius'
1386 2581 1484 2619 hopes
1511 2580 1562 2609 did
1586 2584 1642 2609 not
1664 2583 1729 2609 rest

957 2623 1057 2652 either
1073 2633 1114 2652 on
1131 2623 1194 2652 this
1219 2623 1332 2661 speech
1348 2632 1383 2652 or
1399 2633 1440 2652 on
1456 2623 1546 2652 those
1562 2623 1630 2651 who
1647 2631 1727 2651 were

956 2666 1100 2695 intimate
1125 2666 1200 2694 with
1226 2665 1352 2695 Caesar.
1398 2666 1484 2695 Here
1504 2665 1543 2694 he
1569 2674 1638 2703 says
1658 2664 1728 2693 that

958 2708 1072 2738 Caesar
1105 2708 1177 2747 paid
1208 2718 1293 2737 more
1322 2708 1430 2746 regard
1460 2711 1493 2737 to
1523 2707 1576 2736 the
1601 2716 1728 2736 reasons

958 2751 1059 2780 which
1091 2750 1201 2779 moved
1225 2751 1316 2780 those
1345 2751 1415 2780 who
1445 2748 1622 2785 interceded
1652 2749 1727 2778 with

957 2793 1022 2822 him
1055 2793 1213 2832 (⁴caussas
1243 2793 1418 2832 rogantium
1434 2792 1458 2832 ')
1486 2792 1562 2821 than
1589 2794 1622 2820 to
1645 2791 1728 2820 their

957 2846 1098 2876 persons,
1111 2845 1157 2870 or,
1175 2845 1208 2865 as
1224 2835 1264 2865 he
1279 2845 1440 2875 expresses
1455 2835 1489 2870 it,
1507 2834 1588 2863 their
1603 2833 1696 2862 faces.

1000 2879 1113 2918 Itaque
1134 2879 1265 2916 tribuis]
1313 2876 1470 2917 ‘Itaque,’
1497 2886 1531 2906 as
1560 2876 1653 2906 Halm
1678 2886 1728 2907 re-
