1816 3211
73 226 155 267 654
217 223 395 266 ORAT.
429 220 943 264 PHILIPPIGARUM
976 219 1163 261 LIBER
1197 218 1586 263 UNDECIMUS.

70 339 203 394 adjuti
239 352 382 380 sumus
403 343 446 379 et
468 336 661 392 equitatu
683 340 726 376 et
746 334 1011 389 pedestribus
1044 332 1190 387 copiis.
1253 332 1450 374 Secutum
1487 338 1554 375 est
1588 334 1667 375 hoc

70 404 386 446 acerbissimum
407 408 450 443 et
471 399 876 442 calamitosissimum
908 399 1025 439 civile
1046 398 1211 446 bellum,
1234 397 1275 437 in
1296 412 1378 452 quo
1399 397 1497 452 quid
1517 398 1669 439 facien-

72 471 171 511 dum
193 469 408 517 Deiotaro,
433 467 530 522 quid
558 465 724 506 omnino
755 464 914 505 rectius
943 463 1083 511 fuerit,
1118 463 1255 503 dicere
1286 477 1368 503 non
1399 467 1465 503 est
1485 477 1669 511 necesse,

70 534 316 590 praesertim
348 546 476 586 quum
506 535 654 570 contra
675 543 723 569 ac
745 528 973 569 Deiotarus
994 527 1127 568 sensit
1147 527 1321 568 victoria
1341 527 1433 568 belli
1453 527 1669 581 judicarit.

73 602 165 652 Quo
188 599 228 638 in
250 598 358 638 bello
379 596 413 636 si
434 595 513 636 fuit
544 608 670 644 error,
704 593 936 634 communis
957 593 994 634 ei
1015 593 1094 634 fuit
1125 607 1219 633 cum
1251 598 1424 639 senatu;
1459 591 1523 632 sin
1552 597 1670 632 recta

71 662 294 712 sententia,
318 677 369 702 ne
391 661 502 702 victa
523 659 687 715 quidem
717 673 866 699 caussa
887 658 1166 713 vituperanda
1187 662 1264 699 est.
1327 656 1399 698 Ad
1420 657 1496 697 has
1526 656 1668 711 copias

70 729 274 770 accedent
306 727 374 767 alii
403 740 536 780 reges,
561 725 689 765 etiam
719 724 905 765 delectus
930 723 1147 764 accedent.
1208 722 1354 777 Neque
1386 736 1483 763 vero
1513 722 1669 771 classes

71 796 273 841 deerunt3
308 791 419 833 tanti
451 790 567 846 Tyrii
597 789 787 831 Cassium
817 789 991 838 faciunt,
1019 788 1130 829 tanti
1165 788 1256 842 ejus
1287 788 1328 828 in
1361 787 1481 841 Syria
1517 802 1669 828 nomen

70 867 197 915 atque
231 857 445 899 Phoenice
480 860 560 897 est.
623 854 757 895 XIV.
792 854 993 895 Paratum
1025 853 1154 894 habet
1181 853 1474 908 imperatorem
1499 853 1544 894 O.
1569 853 1670 894 Cas-

71 926 190 974 sium,
212 928 355 980 patres
376 920 615 976 conscripti,
639 935 706 961 res
726 919 892 975 publica
912 924 1059 960 contra
1081 918 1357 968 Dolabellam,
1380 932 1456 959 nec
1478 922 1669 972 paratum

70 990 215 1039 solum,
253 989 328 1029 sed
361 988 540 1042 peritum
576 990 702 1041 atque
741 985 908 1026 fortem.
972 985 1154 1038 Magnas
1195 983 1261 1024 ille
1297 998 1364 1023 res
1395 983 1530 1038 gessit
1569 988 1669 1023 ante

72 1055 211 1096 Bibuli
241 1053 390 1095 summi
416 1052 491 1093 viri
519 1052 756 1098 adventum,
784 1064 912 1104 quum
944 1048 1096 1088 Pacori
1128 1048 1370 1088 nobilissimi
1399 1049 1517 1089 ducis
1549 1063 1668 1103 mag-

71 1135 147 1161 nas
180 1119 322 1174 copias
350 1118 469 1164 fudit,
503 1115 746 1170 Syriamque
777 1112 948 1154 immani
983 1112 1237 1153 Parthorum
1270 1112 1428 1168 impetu
1461 1112 1668 1153 liberavit.

75 1185 307 1225 Maximam
342 1183 431 1238 ejus
470 1186 514 1222 et
549 1179 803 1235 singularem
837 1178 1001 1218 laudem
1040 1177 1359 1232 praetermitto;
1406 1178 1525 1232 cujus
1557 1177 1668 1218 enim

71 1249 325 1304 praedicatio
346 1247 528 1288 nondum
553 1244 744 1286 omnibus
764 1248 889 1299 grata
909 1247 987 1292 est,
1010 1243 1117 1284 hanc
1138 1242 1363 1284 memoriae
1384 1243 1524 1298 potius
1545 1257 1669 1298 quam

71 1314 186 1354 vocis
225 1311 467 1354 testimonio
508 1324 815 1352 conservemus.
897 1307 1201 1357 Animadverti,
1244 1313 1386 1363 patres
1426 1307 1666 1364 conscripti,

72 1379 152 1420 dici
180 1379 270 1434 jam
297 1393 322 1419 a
350 1377 596 1433 quibusdam
632 1374 824 1416 exornari
860 1374 988 1416 etiam
1020 1373 1190 1414 nimium
1218 1388 1244 1415 a
1268 1389 1333 1415 me
1359 1374 1551 1424 Brutum,
1589 1375 1670 1428 [ni-

71 1445 199 1485 mium
235 1442 445 1495 Cassium]
482 1440 632 1490 ornari,
667 1439 811 1481 Cassio
844 1453 942 1480 vero
974 1438 1185 1480 sententia
1220 1454 1312 1480 mea
1345 1439 1605 1480 dominatum
1626 1444 1670 1480 et

71 1509 351 1564 principatum
373 1507 477 1548 dari.
539 1506 654 1558 Quos
675 1519 753 1560 ego
775 1505 904 1545 orno?
966 1504 1128 1559 Nempe
1149 1519 1222 1545 eos
1243 1505 1312 1559 qui
1333 1504 1411 1559 ipsi
1433 1509 1530 1546 sunt
1552 1519 1672 1546 orna-

72 1578 214 1615 menta
245 1574 304 1615 rei
334 1573 537 1628 publicae.
600 1570 710 1623 Quid
742 1569 796 1611 D.
822 1569 1014 1618 Brutum,
1048 1583 1185 1610 nonne
1226 1570 1418 1610 omnibus
1450 1569 1672 1611 sententiis

74 1654 238 1694 semper
259 1638 432 1680 ornavi?
493 1637 604 1677 Num
633 1636 764 1690 igitur
796 1634 1133 1690 reprehenditis?
1192 1634 1264 1674 An
1288 1634 1497 1675 Antonios
1529 1633 1671 1689 potius

74 1719 277 1752 ornarem,
300 1718 383 1744 non
403 1703 529 1743 modo
549 1716 718 1742 suarum
739 1699 999 1747 familiarum,
1023 1699 1097 1740 sed
1119 1699 1297 1739 Romani
1319 1699 1496 1739 nominis
1516 1699 1671 1752 probra

74 1775 200 1824 atque
233 1768 462 1809 dedecora?
491 1781 545 1806 an
577 1765 851 1807 Censorinum
882 1779 1037 1811 ornem,
1072 1763 1113 1803 in
1146 1763 1253 1803 bello
1288 1763 1463 1810 hostem,
1495 1763 1537 1804 in
1568 1778 1670 1819 pace

76 1839 281 1875 sectorem
298 1834 312 1873 ἓ
355 1832 425 1872 An
446 1836 589 1872 cetera
609 1845 660 1871 ex
681 1830 826 1871 eodem
845 1828 1063 1870 latrocinio
1078 1827 1296 1882 naufragia
1312 1827 1531 1882 colligam?
1575 1828 1670 1883 Ego

75 1913 173 1940 vero
203 1899 308 1938 istos
344 1896 430 1944 otii,
465 1894 725 1942 concordiae,
757 1894 908 1948 legum,
938 1892 1202 1948 judiciorum,
1234 1892 1443 1933 libertatis
1480 1893 1671 1934 inimicos

76 1968 244 2005 tantum
261 1963 382 2003 abest
399 1966 446 2002 ut
463 1975 604 2001 ornem
619 1965 667 2000 ut
681 1959 787 2000 effici
808 1974 891 2000 non
913 1958 1047 2013 possit
1069 1957 1166 2012 quin
1187 1972 1258 1998 eos
1275 1962 1362 1998 tam
1376 1957 1532 1998 oderim
1546 1973 1671 2013 quam

77 2044 166 2070 rem
198 2028 404 2083 publicam
441 2026 581 2080 diligo.
644 2024 768 2075 Vide,
807 2023 954 2079 inquit,
990 2038 1042 2064 ne
1077 2027 1300 2064 veteranos
1333 2023 1546 2065 offendas:
1592 2024 1671 2064 hoc

78 2148 144 2178 him
163 2147 211 2177 M.
230 2146 384 2182 Bibulus;
409 2146 470 2175 and
493 2145 519 2175 it
542 2144 569 2175 is
593 2154 634 2175 an
659 2154 746 2174 error
760 2143 853 2173 when

80 2192 198 2220 Seneca
210 2189 405 2230 (Consolatio
421 2189 460 2218 ad
478 2188 643 2222 Marciam,
660 2198 686 2218 c.
704 2186 769 2227 14),
787 2187 853 2216 Eu-

79 2234 199 2273 tropius
216 2233 270 2273 (vi.
290 2232 355 2271 17),
373 2232 504 2262 Orosius
523 2231 576 2271 (vi.
590 2230 636 2271 7),
653 2230 716 2261 and
728 2230 855 2269 Appian

82 2277 216 2316 (Syriae.
242 2286 268 2306 c.
295 2277 345 2312 51,
373 2275 434 2304 and
462 2273 644 2314 elsewhere)
672 2283 764 2303 name
789 2273 855 2302 him

82 2319 208 2354 Lucius,
226 2329 259 2348 as
275 2319 315 2347 110
330 2318 356 2347 15
376 2318 442 2347 also
458 2317 555 2347 called
572 2317 604 2346 in
622 2326 708 2347 some
724 2315 854 2346 modern

81 2362 313 2400 compilations.

125 2404 255 2442 classes]
304 2403 408 2432 There
425 2402 451 2432 is
467 2413 485 2432 a
500 2402 594 2432 letter
617 2402 652 2432 of
674 2401 708 2432 C.
728 2401 854 2431 Cassius

82 2450 230 2486 quaestor
246 2450 279 2475 to
296 2445 404 2475 Cicero
419 2445 483 2484 (Ad
500 2445 572 2475 Div.
586 2446 640 2475 xii.
656 2444 706 2484 13)
726 2453 790 2474 Rc.
803 2445 854 2478 43,

82 2489 145 2519 and
156 2489 282 2518 written
297 2488 377 2517 from
391 2488 513 2527 Cyprus
529 2489 561 2517 in
574 2488 669 2518 June.
716 2485 854 2517 Cassius’

82 2533 155 2562 fleet
177 2541 238 2560 was
257 2530 333 2560 then
357 2530 544 2569 blockading
564 2530 717 2560 Laodicea
738 2539 779 2559 on
803 2529 857 2559 the

83 2578 169 2604 coast
185 2573 220 2603 of
233 2573 331 2612 Syria,
349 2573 450 2602 where
468 2573 632 2602 Dolabella
647 2583 708 2602 was
726 2573 799 2602 shut
814 2582 857 2611 up

84 2619 106 2657 (⁴
122 2617 221 2647 Cassii
233 2616 338 2645 classis
349 2615 427 2645 bene
440 2625 552 2654 magna
562 2615 650 2654 ’).—‘
665 2616 744 2645 tanti
757 2616 823 2654 ejus
837 2614 856 2644 ε’

85 2664 92 2677 ⁵
106 2664 229 2690 tantum
249 2658 339 2697 ejus‚’
359 2658 527 2691 Ferrarius,
547 2658 654 2687 Halm.

131 2704 178 2734 14.
203 2704 276 2731 ante
294 2700 419 2739 Bibuli]
461 2700 588 2730 Cassius
600 2711 662 2730 was
678 2701 732 2730 the
745 2709 857 2740 quaes-

83 2749 133 2776 tor
145 2746 180 2775 of
193 2745 241 2774 M.
256 2743 386 2774 Crassus
396 2743 428 2772 in
441 2743 538 2781 Syria,
553 2743 612 2772 and
627 2743 718 2772 when
726 2743 858 2772 Crassus

84 2787 228 2827 perished
245 2787 277 2816 in
289 2786 337 2815 his
351 2785 531 2825 expedition
545 2785 611 2814 into
627 2786 858 2824 Mesopotamia

85 2832 164 2871 (3.0.
193 2830 260 2865 53),
288 2829 414 2859 Cassius
442 2827 580 2867 repelled
606 2828 661 2857 the
692 2828 856 2857 Parthians

83 2876 163 2904 from
183 2873 282 2912 Syria.

128 2927 224 2956 quum
248 2915 368 2944 Pacori
386 2936 393 2943 .
412 2935 419 2942 .
438 2935 445 2942 .
462 2922 594 2951 maynas
618 2912 740 2951 copias]
789 2912 857 2941 The

82 2960 212 2998 reading
224 2958 258 2988 of
270 2957 324 2988 the
334 2956 434 2987 Vetus
449 2955 529 2986 liber
541 2955 577 2985 of
588 2954 708 2985 Ursini.
754 2954 784 2984 D
801 2955 856 2984 has

899 2146 906 2160 ‘
919 2153 1017 2183 quum
1035 2143 1224 2173 Parthorum
1240 2142 1451 2173 nobilissimos
1463 2143 1558 2173 duces
1574 2143 1674 2173 maxi-

899 2196 966 2216 mas
978 2185 998 2222 ;'
1021 2186 1080 2215 but
1095 2186 1183 2215 there
1199 2195 1299 2215 seems
1325 2189 1358 2215 to
1382 2185 1422 2216 be
1437 2196 1524 2216 some
1539 2186 1673 2216 mistake

898 2230 932 2259 in
949 2233 956 2245 ⁴
970 2228 1182 2264 Parthorum‚’
1200 2228 1248 2258 for
1263 2229 1317 2259 the
1332 2229 1417 2259 word
1433 2239 1542 2259 occurs
1557 2229 1671 2259 imme-

900 2272 1016 2311 diately
1032 2271 1223 2301 afterwards.

941 2316 1137 2353 sinqularem
1169 2314 1310 2353 laudem]
1360 2313 1502 2345 Caesar's
1533 2314 1672 2344 murder.

898 2358 1004 2387 When
1021 2357 1061 2387 110
1073 2367 1143 2396 says
1160 2360 1166 2373 ‘
1179 2357 1320 2386 nondum
1338 2357 1485 2387 omnibus
1498 2361 1587 2396 grata
1602 2361 1651 2387 est
1663 2356 1671 2370 ’

898 2401 939 2430 110
951 2400 1065 2429 admits
1081 2400 1151 2429 that
1163 2399 1339 2439 everybody
1352 2410 1414 2430 was
1426 2404 1482 2429 not
1497 2410 1532 2430 so
1548 2400 1673 2439 pleased

898 2443 974 2473 with
990 2443 1016 2472 it
1031 2453 1064 2473 as
1081 2442 1216 2472 himself.
1257 2442 1308 2472 He
1320 2443 1422 2482 might
1437 2443 1476 2472 be
1488 2443 1554 2472 also
1566 2443 1675 2472 think-

899 2487 954 2525 ing
969 2486 1005 2515 of
1017 2495 1123 2525 young
1139 2485 1254 2515 Caesar
1270 2485 1359 2515 when
1376 2486 1416 2515 he
1432 2486 1498 2515 said
1513 2486 1588 2515 this.

946 2530 1010 2558 dici
1024 2530 1097 2567 jam
1114 2538 1133 2557 a
1155 2529 1342 2567 quibusdam
1359 2529 1527 2567 exornari]
1576 2527 1676 2558 Orelli

902 2572 977 2601 with
993 2571 1182 2610 Naugerius.
1230 2571 1325 2600 Halm
1343 2571 1445 2600 writes
1462 2574 1469 2587 ‘
1483 2575 1585 2610 patres
1601 2580 1675 2600 con-

902 2614 1020 2654 scripti,
1041 2613 1180 2644 exaudiri
1204 2613 1322 2649 etiam,'
1339 2613 1400 2643 and
1425 2614 1465 2643 he
1489 2614 1560 2643 tells
1584 2623 1620 2643 us
1643 2617 1676 2642 to

902 2667 1048 2696 compare
1079 2658 1086 2672 ⁴
1100 2656 1233 2686 exaudio
1244 2656 1252 2670 '
1277 2657 1310 2685 in
1338 2657 1401 2685 this
1426 2657 1566 2696 chapter.
1613 2656 1678 2685 But

903 2703 910 2717 ⁴
924 2699 1143 2729 Animadverti
1161 2721 1168 2729 .
1187 2721 1194 2729 .
1212 2721 1220 2729 .
1237 2698 1378 2729 exaudiri
1392 2698 1399 2712 '
1430 2699 1457 2729 is
1487 2709 1505 2729 a
1533 2699 1678 2729 different

901 2743 971 2773 thin
997 2765 1003 2772 .

950 2752 1099 2824 [ngz'mium
1120 2783 1303 2823 Cassium]]
1353 2783 1499 2814 Inclosed
1513 2784 1546 2813 in
1566 2783 1610 2823 []
1633 2782 1677 2822 by

903 2828 1011 2863 Halm,
1030 2831 1037 2844 ‘
1050 2828 1128 2857 duce
1144 2827 1180 2857 t.'

943 2870 1113 2909 sectorem]
1163 2869 1222 2899 See
1243 2869 1355 2906 Index,
1380 2869 1453 2899 Vol.
1480 2869 1676 2899 ii.——⁴exau-

901 2913 952 2942 dio
965 2912 984 2942 :’
1009 2923 1061 2943 see
1077 2912 1188 2949 Index,
1204 2912 1276 2942 Vol.
1293 2912 1337 2942 iii.
