1816 3211
52 194 135 235 408
495 191 674 232 ORAT.
708 190 826 231 PRO
861 190 909 241 Q.
946 188 1203 229 LIGARIO

112 305 270 359 Arguis
305 305 519 346 fatentem.
584 304 679 344 Non
717 309 783 344 est,
819 303 936 344 satis.
998 303 1189 342 Accusas
1223 315 1318 342 eum
1351 302 1419 357 qui
1453 316 1645 343 caussam

53 372 181 412 habet-
203 376 288 418 aut,
316 377 363 410 ut
389 384 466 421 ego
499 370 603 418 (lico,
637 369 847 409 meliorem
879 382 1002 421 quam
1034 373 1092 414 tn,
1116 371 1203 413 aut.
1227 371 1275 406 ut
1308 372 1355 407 tu
1384 367 1456 415 vis,
1489 381 1643 422 parem.

56 436 177 477 Haec
209 435 482 483 admirabilia.
507 435 578 473 sed
610 433 788 487 prodigii
812 432 944 471 similo
967 436 1034 471 est
1055 431 1165 485 quod
1190 431 1338 471 (licam.
1402 432 1494 471 Non
1517 432 1646 472 habet.

54 516 143 541 eam
167 501 248 541 vim
271 500 349 540 ista
373 498 583 538 accusatio
606 504 653 537 ut
673 500 722 547 Q.
748 496 941 551 Ligarius
963 496 1275 542 condemnetur.
1299 496 1372 536 sed
1394 501 1440 537 ut
1461 503 1645 537 necetur.

57 565 153 605 Hoc
183 564 270 617 egit
298 563 398 603 civis
433 562 648 602 Romanus
678 566 776 602 ante
799 566 842 602 te
865 574 998 601 nemo.
1062 560 1241 601 Externi
1264 560 1334 601 isti
1366 566 1465 601 sunt
1495 576 1644 608 mores,

53 629 122 683 qui
158 643 288 682 usque
323 628 376 667 ad
413 627 659 681 sanguinem
695 626 859 666 incitari
901 626 1037 666 solent
1079 625 1186 675 odio,
1222 630 1297 666 aut
1330 625 1479 665 levium
1516 625 1645 665 Grae-

54 708 197 733 corum
219 697 293 732 aut
314 691 555 732 immanium
576 691 863 731 barbarorum.
926 690 1035 730 Nam
1056 689 1154 744 quid
1175 689 1266 742 agis
1287 689 1426 730 aliud?
1487 689 1646 730 Romae

54 774 105 798 no
133 758 200 806 sit,
235 764 282 797 ut
313 757 435 796 domo
470 756 642 797 careat?
688 770 738 796 ne
772 770 867 796 cum
905 754 1075 809 optimis
1108 754 1318 803 fratribus,
1354 768 1405 794 ne
1439 768 1532 795 cum
1568 754 1661 793 hoc«

56 824 105 863 T.
122 822 313 863 Broccho
335 821 540 862 avunculo
555 836 643 870 SUO,
661 835 711 860 ne
735 835 829 861 cuin
852 820 942 873 ejus
963 820 1047 860 filio
1069 819 1317 860 consobrino
1339 834 1427 866 suo,
1446 834 1497 860 ne
1510 818 1648 859 nobis-

56 903 150 929 cum
181 887 319 928 vivat?
350 902 401 927 ne
422 887 479 928 sit
508 876 548 926 in
580 886 744 941 patria?
775 901 873 925 num
908 886 999 926 est?
1030 900 1129 924 num
1161 889 1304 939 potest
1338 884 1472 939 magis
1507 897 1648 924 carere

56 952 120 993 his
142 952 334 992 omnibus
352 966 475 1006 quam
490 957 607 992 caret
624 952 636 991 ’Ξ
691 951 815 992 Italia
831 950 1097 1005 prohibetur:
1132 949 1309 990 exsulat.
1361 949 1457 989 Non
1479 954 1526 989 tu
1548 962 1647 1001 ergo

55 1017 192 1071 patria
228 1017 390 1071 privare
432 1031 512 1071 qua
549 1022 676 1064 caret,
711 1016 783 1055 sed
819 1015 905 1055 vita
936 1015 1012 1055 vis.
1075 1014 1138 1055 At
1170 1014 1283 1055 istud
1316 1028 1367 1054 ne
1401 1013 1513 1067 apud
1553 1027 1648 1052 eum

57 1082 223 1135 quidem
271 1081 533 1131 dictatorem,
578 1081 647 1136 qui
695 1095 838 1121 omnes
879 1095 982 1134 quos
1026 1080 1173 1120 oderat,
1215 1085 1352 1119 morte
1402 1078 1645 1127 mulctabat,

58 1147 277 1201 quisquam
312 1147 400 1200 egit
435 1146 516 1186 isto
548 1146 684 1185 modo.
732 1145 828 1199 Ipse
857 1146 1036 1198 jubebat
1067 1144 1201 1185 occidi
1232 1144 1343 1183 nullo
1375 1143 1645 1197 postulante3

57 1210 252 1266 praemiis
292 1210 419 1250 etiam
459 1210 690 1256 invitabat;
726 1224 831 1264 quae
865 1215 1007 1249 tamen
1044 1208 1268 1249 crudelitas
1303 1209 1355 1248 ab
1390 1208 1469 1247 hoc
1504 1207 1651 1247 eodem

56 1276 217 1331 aliquot
247 1276 366 1316 annis
407 1280 515 1329 post.
559 1289 681 1329 quem
720 1280 766 1314 tu
808 1289 917 1314 nunc
955 1273 1162 1314 crudelem
1199 1287 1292 1313 esse
1332 1272 1405 1321 vis,
1442 1271 1652 1312 vindicata

58 1348 136 1382 est.
200 1340 255 1380 V.
281 1342 376 1395 Ego
398 1354 493 1380 vero
526 1339 640 1379 istud
670 1353 753 1379 non
789 1339 968 1393 postulo,
1000 1338 1173 1393 inquies.
1238 1337 1306 1378 Ita
1339 1337 1546 1378 mehercle
1581 1351 1652 1377 ex-

58 1406 212 1455 istimo,
239 1405 418 1446 Tubero.
488 1404 595 1445 Novi
626 1403 734 1444 enim
756 1408 811 1453 te,
835 1404 930 1444 novi
961 1410 1136 1458 patrem,
1159 1403 1252 1444 novi
1284 1403 1453 1443 domum
1482 1416 1652 1442 nomen-

58 1486 138 1525 que
160 1476 372 1516 vestrum;
409 1469 549 1511 studia
583 1469 749 1523 generis
771 1483 819 1509 ac
840 1469 1020 1509 familiae
1054 1473 1217 1509 vestrae
1245 1467 1427 1517 virtutis,
1464 1467 1652 1507 humani-

58 1536 175 1585 tatis,
192 1535 421 1583 doctrinae⁷
442 1534 710 1589 plurimarum
726 1534 880 1575 artium
897 1538 1025 1588 atque
1042 1533 1305 1588 optimarum,
1321 1538 1423 1574 nota
1439 1537 1538 1573 sunt,
1553 1531 1654 1572 mihi

59 1601 208 1642 omnia.
273 1601 423 1655 Itaque
456 1604 571 1640 certo
605 1599 691 1640 scio
720 1613 793 1640 vos
823 1613 906 1639 non
938 1604 1082 1654 petere
1115 1598 1374 1653 sanguinem,
1398 1598 1473 1638 sed
1504 1611 1653 1652 parum

103 1715 245 1745 Eoeternz'
266 1737 272 1744 .
292 1737 299 1744 .
318 1736 325 1744 .
349 1714 576 1753 barbarorum]
625 1713 703 1743 This
728 1713 754 1743 is
779 1713 834 1742 the

61 1758 190 1796 reading
228 1757 263 1787 of
290 1757 326 1787 C.
384 1757 490 1786 Baiter
526 1756 648 1786 follows
683 1756 811 1785 Modius
826 1767 833 1784 :

63 1800 216 1829 ‘Externi
241 1800 293 1829 isti
318 1809 432 1833 mores,
460 1809 560 1838 usque
585 1799 623 1827 ad
649 1799 833 1837 sanguinem

64 1843 190 1872 incitari
206 1843 277 1872 odi)
296 1841 372 1871 aut!
420 1842 509 1871 Most
525 1842 560 1870 of
572 1841 627 1870 the
643 1841 739 1870 MSS.
758 1841 836 1869 have

64 1889 70 1900 ‘
85 1884 210 1918 solent,’
227 1885 289 1914 aod
305 1885 394 1914 there
410 1885 435 1913 is
452 1894 492 1913 no
514 1893 624 1913 reason
649 1884 697 1912 for
712 1884 835 1921 erasing

63 1928 98 1956 it.
145 1928 253 1957 Cicero
276 1927 364 1956 often
395 1927 507 1966 speaks
530 1926 565 1955 of
592 1926 646 1955 the
679 1930 685 1942 ⁵
700 1925 832 1960 levitas,’

63 1970 118 1999 the
134 1970 223 2009 light,
234 1969 393 1999 unsettled
409 1970 568 1998 character
584 1969 617 1997 of
630 1969 685 1998 the
702 1969 832 1998 Greeks.

67 2013 125 2042 See
141 2013 195 2042 the
211 2013 333 2042 oration
351 2012 411 2041 Pro
428 2012 549 2041 Flacco.

113 2057 147 2085 T.
162 2055 324 2094 Broccho]
368 2058 387 2071 ‘⁶
403 2055 561 2084 Brocchus
574 2054 685 2083 Furiae
700 2053 835 2083 familiae

922 1714 1046 1752 aliquot
1076 1715 1170 1743 annis
1203 1713 1293 1752 post]
1354 1712 1527 1742 Seven‘seen
1563 1720 1653 1750 years

878 1756 969 1791 later,
998 1756 1089 1785 when
1114 1755 1150 1785 C.
1177 1755 1292 1785 Caesar
1311 1765 1373 1784 was
1399 1755 1513 1793 ‘judex
1541 1764 1652 1793 quaes-

878 1799 974 1827 tionis
1009 1798 1048 1827 de
1083 1797 1212 1827 sicariis’
1250 1798 1282 1826 in
1312 1797 1368 1826 the
1404 1797 1584 1835 consulship
1621 1796 1657 1825 of

881 1841 917 1870 L.
937 1841 1040 1870 Julius
1065 1840 1178 1870 Caesar
1200 1840 1262 1869 and
1287 1839 1323 1870 C.
1347 1839 1486 1869 Marcius
1511 1839 1651 1878 Figulus,

881 1892 946 1913 13.c.
978 1884 1020 1913 64
1059 1882 1124 1921 (Fr.
1163 1882 1345 1922 Fabritius).
1404 1883 1487 1912 Dion
1526 1882 1652 1912 Cassius

878 1927 946 1964 (37,
969 1935 995 1954 c.
1021 1925 1094 1965 10):
1120 1924 1136 1955 ὅ
1163 1937 1195 1955 τε
1218 1927 1280 1965 γὰρ
1304 1926 1364 1954 τὸν
1391 1925 1597 1965 Λουκρήτιον
1620 1924 1654 1954 ἐκ

880 1969 941 2004 τῆς
979 1970 1037 1998 τοῦ
1074 1967 1206 1998 Σύλλου
1246 1968 1459 2005 προστάξεως
1497 1967 1653 1997 ἀποκτεί-

879 2022 941 2046 νας
958 2012 1010 2040 καὶ
1036 2009 1145 2048 ἕτερός
1167 2022 1216 2047 τις
1242 2011 1390 2049 συχνοὺς
1408 2012 1476 2040 τῶν
1492 2009 1651 2049 ἐπικηρυ-

880 2053 1030 2092 χθέντων
1066 2053 1122 2083 ὑπ’
1162 2053 1264 2083 αὐτοῦ
1296 2051 1459 2092 φονιὺσας
1495 2053 1549 2082 καὶ
1577 2063 1652 2082 κατ-

64 2108 239 2137 cognomen
260 2102 308 2128 est
331 2098 363 2127 in
389 2102 536 2136 argenteo
563 2097 689 2126 denario
715 2098 747 2126 in
773 2106 835 2136 quo

66 2151 96 2172 L.
128 2150 259 2171 FVRIVS
293 2150 350 2170 CN.
383 2150 414 2170 F.
443 2149 629 2170 BRoccuvs
662 2140 835 2178 descriptus

65 2188 113 2214 est
125 2183 144 2197 ”
164 2185 213 2223 (F.
230 2182 393 2223 Ursinus).

110 2226 313 2265 consobrino]
361 2226 430 2255 The
451 2225 589 2254 children
610 2225 646 2254 of
668 2235 685 2254 a
706 2224 836 2255 brother

65 2270 128 2299 and.
159 2270 248 2299 sister
278 2278 358 2298 were
389 2268 554 2297 ‘amitini.’
610 2267 834 2297 ‘Consobrini’

66 2323 146 2342 were
175 2312 230 2342 the
255 2311 394 2341 children
421 2311 456 2339 of
483 2311 598 2345 sisters,
627 2311 733 2349 ‘quasi
760 2320 834 2340 con-

67 2355 200 2385 sororini
211 2354 230 2390 ς’
255 2358 274 2371 “
289 2354 342 2384 sed
366 2353 506 2393 plerique
529 2353 585 2382 hos
600 2364 709 2383 omnes
725 2363 834 2383 conso-

66 2398 173 2427 brinos
189 2400 301 2427 vocant
325 2397 378 2436 qui
399 2406 437 2425 ex
460 2395 607 2425 fratribus
629 2400 661 2425 et
677 2396 835 2426 sororibus

67 2439 263 2470 nascuntur''
308 2439 448 2478 (Paulus,
480 2439 529 2468 De
569 2438 734 2475 Graffibus,
767 2442 835 2475 δια,

65 2483 145 2522 Dig.
160 2484 212 2512 38.
233 2483 280 2512 10.
302 2483 350 2516 10,
370 2484 385 2518 ξ
407 2482 470 2519 15).

112 2527 187 2555 Non
205 2529 239 2554 tu
256 2534 330 2563 erqo
348 2524 476 2563 patria]
524 2524 592 2553 The
607 2524 742 2554 editions
758 2524 836 2553 have

70 2567 190 2598 ‘hunc’
210 2567 289 2597 after
312 2565 426 2605 ‘ergo‚'
450 2566 507 2596 but
528 2567 670 2605 Ligarius
692 2577 754 2596 was
780 2571 836 2597 not

67 2614 205 2651 present.
258 2609 296 2640 G.
314 2609 370 2638 has
387 2614 393 2625 ⁶
408 2609 482 2638 Non
504 2614 538 2638 tu
562 2619 635 2647 ergo
649 2609 656 2622 '
675 2610 758 2648 only,
775 2610 836 2639 and

69 2654 185 2684 Baiter.
235 2652 330 2682 Halm
348 2652 449 2681 writes
467 2656 473 2668 ⁴
487 2652 559 2680 Non
577 2656 612 2681 tu
629 2662 700 2690 ergo
718 2652 813 2681 eum.'

111 2707 181 2726 eum
196 2718 202 2725 .
215 2718 222 2725 .
236 2717 242 2724 .
255 2694 460 2733 dictatorem]
486 2694 523 2723 L.
536 2695 708 2728 Sulla‚who
721 2705 753 2724 as
766 2695 836 2724 Plu-

68 2739 156 2769 tarch
172 2748 241 2777 says
259 2738 370 2776 (Sulla,
388 2747 414 2766 c.
431 2736 487 2776 31)
505 2747 581 2766 even
604 2738 760 2767 rewarded
783 2738 837 2766 the

67 2782 243 2811 murderers
256 2792 262 2809 :
288 2780 387 2809 “The
403 2780 518 2809 reward
542 2780 589 2808 for
604 2780 714 2818 killing
729 2791 747 2809 a
762 2790 833 2818 pro-

67 2824 188 2854 scribed
212 2832 324 2863 person
342 2832 401 2852 was
425 2826 486 2851 two
507 2823 632 2857 talents,
650 2822 789 2852 whether
810 2823 836 2852 it

67 2877 129 2897 was
145 2877 163 2896 a
178 2867 261 2896 slave
275 2865 345 2897 who
368 2865 462 2896 killed
486 2865 534 2898 his
557 2869 672 2895 master
695 2875 730 2895 or
745 2875 763 2894 a
778 2874 835 2895 son

66 2910 136 2940 who
153 2909 248 2940 killed
263 2909 311 2939 his
326 2907 462 2938 father.’'

881 2096 1104 2135 ηγορίΙΘησαν
1121 2096 1174 2125 ἐπὶ
1188 2097 1332 2136 σφαγαῖς
1348 2095 1399 2125 καὶ
1418 2094 1653 2133 ἐκολάσθησαν

882 2141 939 2168 τοῦ
966 2141 1134 2177 Καίσαρος
1154 2141 1211 2168 τοῦ
1234 2139 1378 2168 Ἰουλίου
1405 2136 1494 2167 τοῦθ’
1516 2137 1567 2167 ὅτι
1589 2137 1652 2176 μά-

880 2181 978 2211 λιστα
1008 2181 1341 2219 παρασκευάσαντος.
1385 2181 1462 2210 This
1485 2181 1511 2210 is
1538 2180 1652 2210 Dion's

881 2228 975 2263 story.
1023 2224 1192 2254 Suetonius
1215 2224 1343 2263 (Julius,
1366 2233 1392 2253 e.
1417 2222 1469 2263 ll)
1490 2233 1560 2262 says
1582 2223 1652 2252 that

881 2270 899 2283 ‘⁶
915 2268 1029 2297 Caesar
1045 2268 1182 2297 exercuit
1198 2267 1413 2306 quaestionem
1430 2266 1469 2295 de
1484 2264 1637 2295 sicariis.''

923 2313 950 2339 5.
975 2311 1100 2348 yeneris
1115 2309 1326 2348 ‹ze-familiae]
1353 2309 1422 2338 The
1444 2319 1518 2347 gens
1539 2308 1574 2338 of
1596 2308 1652 2338 the

879 2352 1061 2382 Tuberones
1083 2363 1144 2382 was
1168 2353 1222 2382 the
1242 2353 1341 2388 Aelia,
1359 2352 1459 2381 which
1486 2351 1650 2381 contained

878 2396 933 2425 the
958 2396 1054 2432 Paeti,
1077 2396 1130 2425 the
1158 2395 1295 2429 Lamiae,
1311 2395 1373 2424 and
1394 2395 1486 2424 other
1509 2394 1650 2423 families.

881 2439 951 2468 One
978 2438 1014 2467 of
1046 2438 1101 2467 the
1132 2438 1219 2468 Paeti
1244 2437 1357 2467 named
1389 2437 1501 2467 Sextus
1530 2436 1650 2473 Aelius,

880 2481 989 2510 consul
1005 2490 1068 2511 13.c.
1089 2482 1159 2516 198,
1173 2491 1233 2510 was
1249 2491 1267 2510 a
1279 2480 1492 2518 jurisconsult‚
1508 2479 1569 2508 and
1585 2479 1651 2509 also

880 2524 929 2553 his
945 2523 1073 2553 brother
1090 2524 1230 2553 Publius.
1277 2523 1316 2552 In
1332 2523 1386 2552 the
1409 2523 1515 2561 family
1539 2521 1574 2552 of
1596 2522 1651 2551 the

882 2566 1076 2602 Tuberones,
1110 2567 1149 2599 Q.
1176 2566 1284 2595 Aelius
1311 2566 1446 2600 Tubero,
1472 2565 1567 2594 called
1596 2564 1650 2594 the

883 2609 978 2644 Stoic,
1000 2619 1062 2638 was
1088 2613 1212 2648 praetor
1239 2618 1302 2638 13.c.
1322 2610 1403 2644 l23;
1427 2608 1467 2637 he
1487 2608 1548 2637 had
1564 2616 1651 2637 some

882 2653 1058 2691 reputation
1083 2662 1116 2681 as
1131 2662 1149 2681 a
1164 2652 1278 2690 lawyer
1304 2651 1366 2680 and
1387 2661 1449 2680 was
1473 2660 1512 2680 an
1537 2650 1651 2679 honest

882 2705 955 2724 man
976 2694 1052 2733 (Pro
1075 2695 1221 2727 Murena,
1245 2704 1270 2723 c.
1293 2694 1362 2733 36).
1408 2693 1445 2722 L.
1463 2693 1571 2723 Aelius
1586 2691 1649 2721 Tu-

882 2737 967 2772 bero,
981 2738 1035 2766 the
1051 2737 1153 2767 father
1173 2737 1208 2766 of
1223 2737 1277 2766 the
1293 2747 1365 2765 man
1380 2736 1482 2765 whom
1503 2734 1611 2764 Cicero
1624 2734 1650 2762 is

880 2780 1072 2818 addressing,
1090 2790 1151 2809 was
1177 2790 1218 2809 an
1242 2779 1400 2808 historical
1416 2778 1520 2807 writer
1545 2776 1606 2805 and
1631 2786 1650 2805 a

880 2823 1092 2861 philosopher.
1127 2823 1186 2852 His
1203 2832 1259 2852 son
1276 2831 1337 2851 was
1352 2821 1406 2850 the
1418 2820 1511 2858 jurist
1527 2819 1566 2852 Q.
1583 2818 1649 2849 Tu-

879 2865 964 2904 bero,
979 2866 1048 2896 who
1064 2866 1090 2895 is
1106 2865 1192 2895 often
1208 2865 1288 2895 cited
1303 2864 1336 2894 in
1351 2863 1407 2893 the
1422 2862 1544 2901 Digest.
