<?xml version="1.0" encoding="UTF-8"?>
<!DOCTYPE html PUBLIC "-//W3C//DTD XHTML 1.0 Transitional//EN"
    "http://www.w3.org/TR/xhtml1/DTD/xhtml1-transitional.dtd">
<html xmlns="http://www.w3.org/1999/xhtml" xml:lang="en" lang="en">
 <head>
  <title>
</title>
<meta http-equiv="Content-Type" content="text/html;charset=utf-8" />
  <meta name='ocr-system' content='tesseract 3.04.00' />
  <meta name='ocr-capabilities' content='ocr_page ocr_carea ocr_par ocr_line ocrx_word'/>
</head>
<body>
  <div class='ocr_page' id='page_1' title='image "./orationeswithcom04ciceuoft/orationeswithcom04ciceuoft_0558.png"; bbox 0 0 1816 3211; ppageno 0'>
   <div class='ocr_carea' id='block_1_1' title="bbox 268 747 1595 835">
    <p class='ocr_par' dir='ltr' id='par_1_1' title="bbox 268 747 1595 835">
     <span class='ocr_line' id='line_1_1' title="bbox 268 747 1595 835; baseline -0.002 -10"><span class='ocrx_word' id='word_1_1' title='bbox 268 749 796 835; x_wconf 82' lang='lat' dir='ltr'><strong>ORATIONUM</strong></span> <span class='ocrx_word' id='word_1_2' title='bbox 882 747 1595 824; x_wconf 79' lang='lat' dir='ltr'>PHILIPPICARUM</span> 
     </span>
    </p>
   </div>
   <div class='ocr_carea' id='block_1_2' title="bbox 663 917 1202 964">
    <p class='ocr_par' dir='ltr' id='par_1_2' title="bbox 663 917 1202 964">
     <span class='ocr_line' id='line_1_2' title="bbox 663 917 1202 964; baseline 0 -1"><span class='ocrx_word' id='word_1_3' title='bbox 663 918 868 964; x_wconf 87' lang='lat' dir='ltr'><strong>LIBER</strong></span> <span class='ocrx_word' id='word_1_4' title='bbox 901 917 1202 964; x_wconf 85' lang='lat' dir='ltr'><strong>TERTIUS.</strong></span> 
     </span>
    </p>
   </div>
   <div class='ocr_carea' id='block_1_3' title="bbox 135 1237 1728 2460">
    <p class='ocr_par' dir='ltr' id='par_1_3' title="bbox 135 1237 1728 2460">
     <span class='ocr_line' id='line_1_3' title="bbox 139 1237 1727 1293; baseline 0 -15"><span class='ocrx_word' id='word_1_5' title='bbox 139 1237 173 1278; x_wconf 93' lang='lat' dir='ltr'>I.</span> <span class='ocrx_word' id='word_1_6' title='bbox 208 1237 375 1278; x_wconf 59' lang='lat' dir='ltr'>Samus</span> <span class='ocrx_word' id='word_1_7' title='bbox 413 1238 594 1286; x_wconf 84' lang='lat' dir='ltr'>omnino,</span> <span class='ocrx_word' id='word_1_8' title='bbox 632 1243 774 1293; x_wconf 88' lang='lat' dir='ltr'>patres</span> <span class='ocrx_word' id='word_1_9' title='bbox 806 1237 1047 1293; x_wconf 87' lang='lat' dir='ltr'>conscripti,</span> <span class='ocrx_word' id='word_1_10' title='bbox 1086 1252 1211 1293; x_wconf 86' lang='lat' dir='ltr'>quam</span> <span class='ocrx_word' id='word_1_11' title='bbox 1243 1242 1409 1293; x_wconf 88' lang='lat' dir='ltr'>tempus</span> <span class='ocrx_word' id='word_1_12' title='bbox 1445 1237 1504 1278; x_wconf 89' lang='lat' dir='ltr'>rei</span> <span class='ocrx_word' id='word_1_13' title='bbox 1540 1237 1727 1293; x_wconf 85' lang='lat' dir='ltr'>publicae</span> 
     </span>
     <span class='ocr_line' id='line_1_4' title="bbox 136 1302 1727 1359; baseline -0.001 -15"><span class='ocrx_word' id='word_1_14' title='bbox 136 1302 389 1358; x_wconf 78' lang='lat' dir='ltr'>postulabat,</span> <span class='ocrx_word' id='word_1_15' title='bbox 422 1303 642 1358; x_wconf 87' lang='lat' dir='ltr'>aliquando</span> <span class='ocrx_word' id='word_1_16' title='bbox 679 1308 818 1344; x_wconf 87' lang='lat' dir='ltr'>tamen</span> <span class='ocrx_word' id='word_1_17' title='bbox 860 1303 1077 1344; x_wconf 85' lang='lat' dir='ltr'>convocati</span> <span class='ocrx_word' id='word_1_18' title='bbox 1118 1318 1287 1352; x_wconf 86' lang='lat' dir='ltr'>sumus;</span> <span class='ocrx_word' id='word_1_19' title='bbox 1334 1303 1445 1358; x_wconf 91' lang='lat' dir='ltr'>quod</span> <span class='ocrx_word' id='word_1_20' title='bbox 1485 1303 1727 1359; x_wconf 85' lang='lat' dir='ltr'>flagitabam</span> 
     </span>
     <span class='ocr_line' id='line_1_5' title="bbox 135 1367 1728 1423; baseline 0.001 -15"><span class='ocrx_word' id='word_1_21' title='bbox 135 1367 326 1422; x_wconf 82' lang='lat' dir='ltr'>equidem</span> <span class='ocrx_word' id='word_1_22' title='bbox 362 1368 560 1423; x_wconf 82' lang='lat' dir='ltr'>quotidie,</span> <span class='ocrx_word' id='word_1_23' title='bbox 596 1368 748 1423; x_wconf 84' lang='lat' dir='ltr'>quippe</span> <span class='ocrx_word' id='word_1_24' title='bbox 784 1383 912 1423; x_wconf 89' lang='lat' dir='ltr'>quum</span> <span class='ocrx_word' id='word_1_25' title='bbox 947 1369 1101 1409; x_wconf 90' lang='lat' dir='ltr'>bellum</span> <span class='ocrx_word' id='word_1_26' title='bbox 1136 1368 1339 1409; x_wconf 87' lang='lat' dir='ltr'>nefarium</span> <span class='ocrx_word' id='word_1_27' title='bbox 1373 1373 1519 1409; x_wconf 88' lang='lat' dir='ltr'>contra</span> <span class='ocrx_word' id='word_1_28' title='bbox 1554 1383 1649 1409; x_wconf 85' lang='lat' dir='ltr'>aras</span> <span class='ocrx_word' id='word_1_29' title='bbox 1684 1373 1728 1409; x_wconf 92' lang='lat' dir='ltr'>et</span> 
     </span>
     <span class='ocr_line' id='line_1_6' title="bbox 135 1432 1727 1488; baseline 0.001 -16"><span class='ocrx_word' id='word_1_30' title='bbox 135 1432 264 1482; x_wconf 60' lang='grc'>10605,</span> <span class='ocrx_word' id='word_1_31' title='bbox 299 1438 447 1473; x_wconf 87' lang='lat' dir='ltr'>contra</span> <span class='ocrx_word' id='word_1_32' title='bbox 472 1432 600 1474; x_wconf 89' lang='lat' dir='ltr'>vitam</span> <span class='ocrx_word' id='word_1_33' title='bbox 632 1434 907 1488; x_wconf 79' lang='lat' dir='ltr'>fortunasque</span> <span class='ocrx_word' id='word_1_34' title='bbox 939 1438 1120 1482; x_wconf 78' lang='lat' dir='ltr'>nostras,</span> <span class='ocrx_word' id='word_1_35' title='bbox 1152 1434 1205 1474; x_wconf 89' lang='lat' dir='ltr'>ab</span> <span class='ocrx_word' id='word_1_36' title='bbox 1238 1432 1406 1474; x_wconf 85' lang='lat' dir='ltr'>homine</span> <span class='ocrx_word' id='word_1_37' title='bbox 1436 1433 1658 1488; x_wconf 81' lang='lat' dir='ltr'>profligato</span> <span class='ocrx_word' id='word_1_38' title='bbox 1678 1448 1727 1473; x_wconf 88' lang='lat' dir='ltr'>ac</span> 
     </span>
     <span class='ocr_line' id='line_1_7' title="bbox 136 1498 1727 1553; baseline 0 -15"><span class='ocrx_word' id='word_1_39' title='bbox 136 1498 301 1553; x_wconf 86' lang='lat' dir='ltr'>perdito</span> <span class='ocrx_word' id='word_1_40' title='bbox 336 1512 419 1538; x_wconf 91' lang='lat' dir='ltr'>non</span> <span class='ocrx_word' id='word_1_41' title='bbox 446 1498 689 1553; x_wconf 88' lang='lat' dir='ltr'>comparari,</span> <span class='ocrx_word' id='word_1_42' title='bbox 713 1498 787 1539; x_wconf 90' lang='lat' dir='ltr'>sed</span> <span class='ocrx_word' id='word_1_43' title='bbox 818 1498 908 1553; x_wconf 82' lang='lat' dir='ltr'>geri</span> <span class='ocrx_word' id='word_1_44' title='bbox 934 1499 1023 1553; x_wconf 87' lang='lat' dir='ltr'>jam</span> <span class='ocrx_word' id='word_1_45' title='bbox 1045 1498 1239 1539; x_wconf 88' lang='lat' dir='ltr'>viderem.</span> <span class='ocrx_word' id='word_1_46' title='bbox 1301 1498 1618 1553; x_wconf 86' lang='lat' dir='ltr'>Exspectantur</span> <span class='ocrx_word' id='word_1_47' title='bbox 1640 1498 1727 1538; x_wconf 80' lang='lat' dir='ltr'>Ka-</span> 
     </span>
     <span class='ocr_line' id='line_1_8' title="bbox 135 1563 1727 1619; baseline 0 -16"><span class='ocrx_word' id='word_1_48' title='bbox 135 1563 282 1604; x_wconf 91' lang='lat' dir='ltr'>lendae</span> <span class='ocrx_word' id='word_1_49' title='bbox 304 1563 334 1603; x_wconf 84' lang='lat' dir='ltr'><strong>J</strong></span> <span class='ocrx_word' id='word_1_50' title='bbox 337 1563 544 1615; x_wconf 78' lang='lat' dir='ltr'>annariae,</span> <span class='ocrx_word' id='word_1_51' title='bbox 576 1578 678 1619; x_wconf 89' lang='lat' dir='ltr'>quas</span> <span class='ocrx_word' id='word_1_52' title='bbox 707 1579 791 1605; x_wconf 91' lang='lat' dir='ltr'>non</span> <span class='ocrx_word' id='word_1_53' title='bbox 822 1569 1044 1619; x_wconf 76' lang='lat' dir='ltr'>exspectat</span> <span class='ocrx_word' id='word_1_54' title='bbox 1067 1563 1291 1613; x_wconf 78' lang='lat' dir='ltr'>Antonius,</span> <span class='ocrx_word' id='word_1_55' title='bbox 1316 1564 1385 1619; x_wconf 91' lang='lat' dir='ltr'>qui</span> <span class='ocrx_word' id='word_1_56' title='bbox 1410 1564 1453 1604; x_wconf 92' lang='lat' dir='ltr'>in</span> <span class='ocrx_word' id='word_1_57' title='bbox 1474 1563 1727 1618; x_wconf 87' lang='lat' dir='ltr'>provinciam</span> 
     </span>
     <span class='ocr_line' id='line_1_9' title="bbox 138 1627 1726 1684; baseline 0.001 -16"><span class='ocrx_word' id='word_1_58' title='bbox 138 1627 194 1669; x_wconf 87' lang='lat' dir='ltr'>D.</span> <span class='ocrx_word' id='word_1_59' title='bbox 224 1628 348 1670; x_wconf 91' lang='lat' dir='ltr'>Bruti</span> <span class='ocrx_word' id='word_1_60' title='bbox 382 1629 530 1669; x_wconf 88' lang='lat' dir='ltr'>summi</span> <span class='ocrx_word' id='word_1_61' title='bbox 563 1634 606 1670; x_wconf 94' lang='lat' dir='ltr'>et</span> <span class='ocrx_word' id='word_1_62' title='bbox 638 1628 859 1684; x_wconf 84' lang='lat' dir='ltr'>singularis</span> <span class='ocrx_word' id='word_1_63' title='bbox 893 1629 968 1670; x_wconf 85' lang='lat' dir='ltr'>viri</span> <span class='ocrx_word' id='word_1_64' title='bbox 1004 1643 1097 1669; x_wconf 81' lang='lat' dir='ltr'>culn</span> <span class='ocrx_word' id='word_1_65' title='bbox 1134 1629 1319 1669; x_wconf 88' lang='lat' dir='ltr'>exercitu</span> <span class='ocrx_word' id='word_1_66' title='bbox 1355 1629 1556 1684; x_wconf 86' lang='lat' dir='ltr'>impetum</span> <span class='ocrx_word' id='word_1_67' title='bbox 1589 1629 1726 1669; x_wconf 84' lang='lat' dir='ltr'>facere</span> 
     </span>
     <span class='ocr_line' id='line_1_10' title="bbox 138 1693 1726 1747; baseline -0.001 -13"><span class='ocrx_word' id='word_1_68' title='bbox 138 1698 339 1740; x_wconf 85' lang='lat' dir='ltr'>conatur;</span> <span class='ocrx_word' id='word_1_69' title='bbox 374 1708 427 1734; x_wconf 87' lang='lat' dir='ltr'>ex</span> <span class='ocrx_word' id='word_1_70' title='bbox 444 1707 524 1747; x_wconf 89' lang='lat' dir='ltr'>qua</span> <span class='ocrx_word' id='word_1_71' title='bbox 545 1708 589 1734; x_wconf 92' lang='lat' dir='ltr'>se</span> <span class='ocrx_word' id='word_1_72' title='bbox 610 1693 861 1734; x_wconf 87' lang='lat' dir='ltr'>instructum</span> <span class='ocrx_word' id='word_1_73' title='bbox 883 1698 926 1734; x_wconf 92' lang='lat' dir='ltr'>et</span> <span class='ocrx_word' id='word_1_74' title='bbox 947 1698 1141 1747; x_wconf 86' lang='lat' dir='ltr'>paratum</span> <span class='ocrx_word' id='word_1_75' title='bbox 1161 1693 1214 1732; x_wconf 89' lang='lat' dir='ltr'>ad</span> <span class='ocrx_word' id='word_1_76' title='bbox 1234 1693 1379 1733; x_wconf 88' lang='lat' dir='ltr'>urbem</span> <span class='ocrx_word' id='word_1_77' title='bbox 1395 1698 1613 1734; x_wconf 89' lang='lat' dir='ltr'>venturum</span> <span class='ocrx_word' id='word_1_78' title='bbox 1635 1707 1726 1733; x_wconf 91' lang='lat' dir='ltr'>esse</span> 
     </span>
     <span class='ocr_line' id='line_1_11' title="bbox 137 1757 1726 1811; baseline 0.001 -14"><span class='ocrx_word' id='word_1_79' title='bbox 137 1758 369 1799; x_wconf 85' lang='lat' dir='ltr'>minitatur.</span> <span class='ocrx_word' id='word_1_80' title='bbox 432 1757 548 1809; x_wconf 72' lang='lat' dir='ltr'>Quae</span> <span class='ocrx_word' id='word_1_81' title='bbox 570 1762 635 1798; x_wconf 88' lang='lat' dir='ltr'>est</span> <span class='ocrx_word' id='word_1_82' title='bbox 654 1757 781 1811; x_wconf 84' lang='lat' dir='ltr'>igitur</span> <span class='ocrx_word' id='word_1_83' title='bbox 808 1757 1067 1811; x_wconf 80' lang='lat' dir='ltr'>exspectatio</span> <span class='ocrx_word' id='word_1_84' title='bbox 1099 1761 1174 1798; x_wconf 87' lang='lat' dir='ltr'>aut</span> <span class='ocrx_word' id='word_1_85' title='bbox 1195 1771 1300 1811; x_wconf 89' lang='lat' dir='ltr'>quae</span> <span class='ocrx_word' id='word_1_86' title='bbox 1321 1757 1383 1798; x_wconf 83' lang='lat' dir='ltr'>vel</span> <span class='ocrx_word' id='word_1_87' title='bbox 1404 1757 1561 1798; x_wconf 84' lang='lat' dir='ltr'>minimi</span> <span class='ocrx_word' id='word_1_88' title='bbox 1582 1757 1726 1798; x_wconf 89' lang='lat' dir='ltr'>dilatio</span> 
     </span>
     <span class='ocr_line' id='line_1_12' title="bbox 138 1821 1726 1876; baseline 0 -14"><span class='ocrx_word' id='word_1_89' title='bbox 138 1822 366 1876; x_wconf 68' lang='lat' dir='ltr'>temporis?</span> <span class='ocrx_word' id='word_1_90' title='bbox 428 1821 687 1876; x_wconf 73' lang='lat' dir='ltr'>Quamquam</span> <span class='ocrx_word' id='word_1_91' title='bbox 723 1821 832 1861; x_wconf 90' lang='lat' dir='ltr'>enim</span> <span class='ocrx_word' id='word_1_92' title='bbox 867 1822 1020 1862; x_wconf 87' lang='lat' dir='ltr'>adsunt</span> <span class='ocrx_word' id='word_1_93' title='bbox 1058 1821 1273 1862; x_wconf 84' lang='lat' dir='ltr'>Kalendae</span> <span class='ocrx_word' id='word_1_94' title='bbox 1305 1821 1547 1871; x_wconf 81' lang='lat' dir='ltr'>Januariae,</span> <span class='ocrx_word' id='word_1_95' title='bbox 1585 1827 1726 1863; x_wconf 86' lang='lat' dir='ltr'>tamen</span> 
     </span>
     <span class='ocr_line' id='line_1_13' title="bbox 139 1885 1728 1940; baseline 0 -14"><span class='ocrx_word' id='word_1_96' title='bbox 139 1887 264 1926; x_wconf 90' lang='lat' dir='ltr'>breve</span> <span class='ocrx_word' id='word_1_97' title='bbox 295 1891 462 1940; x_wconf 87' lang='lat' dir='ltr'>tempus</span> <span class='ocrx_word' id='word_1_98' title='bbox 492 1885 660 1940; x_wconf 83' lang='lat' dir='ltr'>longum</span> <span class='ocrx_word' id='word_1_99' title='bbox 697 1890 761 1926; x_wconf 84' lang='lat' dir='ltr'>est</span> <span class='ocrx_word' id='word_1_100' title='bbox 802 1885 1030 1939; x_wconf 85' lang='lat' dir='ltr'>imparatis.</span> <span class='ocrx_word' id='word_1_101' title='bbox 1093 1885 1196 1926; x_wconf 89' lang='lat' dir='ltr'>Dies</span> <span class='ocrx_word' id='word_1_102' title='bbox 1232 1886 1341 1926; x_wconf 88' lang='lat' dir='ltr'>enim</span> <span class='ocrx_word' id='word_1_103' title='bbox 1376 1886 1497 1926; x_wconf 81' lang='lat' dir='ltr'>affert</span> <span class='ocrx_word' id='word_1_104' title='bbox 1529 1887 1594 1926; x_wconf 92' lang='lat' dir='ltr'>vel</span> <span class='ocrx_word' id='word_1_105' title='bbox 1625 1886 1728 1926; x_wconf 88' lang='lat' dir='ltr'>hora</span> 
     </span>
     <span class='ocr_line' id='line_1_14' title="bbox 138 1950 1727 2005; baseline 0 -14"><span class='ocrx_word' id='word_1_106' title='bbox 138 1950 291 2005; x_wconf 83' lang='lat' dir='ltr'>potius,</span> <span class='ocrx_word' id='word_1_107' title='bbox 331 1950 409 1991; x_wconf 89' lang='lat' dir='ltr'>nisi</span> <span class='ocrx_word' id='word_1_108' title='bbox 450 1950 658 2005; x_wconf 89' lang='lat' dir='ltr'>provisum</span> <span class='ocrx_word' id='word_1_109' title='bbox 695 1955 771 1998; x_wconf 85' lang='lat' dir='ltr'>est,</span> <span class='ocrx_word' id='word_1_110' title='bbox 807 1964 983 2004; x_wconf 83' lang='lat' dir='ltr'>magnas</span> <span class='ocrx_word' id='word_1_111' title='bbox 1022 1965 1145 2005; x_wconf 86' lang='lat' dir='ltr'>saepe</span> <span class='ocrx_word' id='word_1_112' title='bbox 1182 1950 1333 1991; x_wconf 85' lang='lat' dir='ltr'>clades.</span> <span class='ocrx_word' id='word_1_113' title='bbox 1395 1951 1545 1991; x_wconf 85' lang='lat' dir='ltr'>Certus</span> <span class='ocrx_word' id='word_1_114' title='bbox 1585 1957 1727 1992; x_wconf 84' lang='lat' dir='ltr'>autem</span> 
     </span>
     <span class='ocr_line' id='line_1_15' title="bbox 141 2014 1728 2070; baseline 0.001 -15"><span class='ocrx_word' id='word_1_115' title='bbox 141 2014 229 2056; x_wconf 90' lang='lat' dir='ltr'>dies</span> <span class='ocrx_word' id='word_1_116' title='bbox 260 2030 343 2056; x_wconf 92' lang='lat' dir='ltr'>non</span> <span class='ocrx_word' id='word_1_117' title='bbox 374 2020 422 2056; x_wconf 91' lang='lat' dir='ltr'>ut</span> <span class='ocrx_word' id='word_1_118' title='bbox 453 2015 679 2062; x_wconf 81' lang='lat' dir='ltr'>sacrificiis,</span> <span class='ocrx_word' id='word_1_119' title='bbox 702 2015 762 2055; x_wconf 91' lang='lat' dir='ltr'>sic</span> <span class='ocrx_word' id='word_1_120' title='bbox 793 2015 973 2056; x_wconf 87' lang='lat' dir='ltr'>consiliis</span> <span class='ocrx_word' id='word_1_121' title='bbox 1007 2015 1242 2070; x_wconf 81' lang='lat' dir='ltr'>exspectari</span> <span class='ocrx_word' id='word_1_122' title='bbox 1272 2015 1391 2057; x_wconf 90' lang='lat' dir='ltr'>solet.</span> <span class='ocrx_word' id='word_1_123' title='bbox 1455 2015 1575 2067; x_wconf 76' lang='lat' dir='ltr'>Quod</span> <span class='ocrx_word' id='word_1_124' title='bbox 1597 2015 1632 2057; x_wconf 93' lang='lat' dir='ltr'>si</span> <span class='ocrx_word' id='word_1_125' title='bbox 1653 2022 1728 2056; x_wconf 90' lang='lat' dir='ltr'>aut</span> 
     </span>
     <span class='ocr_line' id='line_1_16' title="bbox 142 2079 1727 2135; baseline 0.001 -16"><span class='ocrx_word' id='word_1_126' title='bbox 142 2079 358 2121; x_wconf 89' lang='lat' dir='ltr'>Kalendae</span> <span class='ocrx_word' id='word_1_127' title='bbox 390 2079 617 2121; x_wconf 85' lang='lat' dir='ltr'>Januariae</span> <span class='ocrx_word' id='word_1_128' title='bbox 656 2079 834 2121; x_wconf 81' lang='lat' dir='ltr'>fuissent</span> <span class='ocrx_word' id='word_1_129' title='bbox 869 2094 916 2120; x_wconf 93' lang='lat' dir='ltr'>eo</span> <span class='ocrx_word' id='word_1_130' title='bbox 952 2080 1029 2130; x_wconf 80' lang='lat' dir='ltr'>die,</span> <span class='ocrx_word' id='word_1_131' title='bbox 1069 2095 1150 2135; x_wconf 92' lang='lat' dir='ltr'>quo</span> <span class='ocrx_word' id='word_1_132' title='bbox 1183 2081 1361 2135; x_wconf 87' lang='lat' dir='ltr'>primum</span> <span class='ocrx_word' id='word_1_133' title='bbox 1396 2095 1449 2121; x_wconf 85' lang='lat' dir='ltr'>ex</span> <span class='ocrx_word' id='word_1_134' title='bbox 1483 2081 1586 2121; x_wconf 85' lang='lat' dir='ltr'>urbe</span> <span class='ocrx_word' id='word_1_135' title='bbox 1617 2081 1727 2135; x_wconf 76' lang='lat' dir='ltr'>fugit</span> 
     </span>
     <span class='ocr_line' id='line_1_17' title="bbox 141 2145 1725 2199; baseline 0.001 -15"><span class='ocrx_word' id='word_1_136' title='bbox 141 2145 365 2195; x_wconf 84' lang='lat' dir='ltr'>Antonius,</span> <span class='ocrx_word' id='word_1_137' title='bbox 384 2150 458 2186; x_wconf 86' lang='lat' dir='ltr'>aut</span> <span class='ocrx_word' id='word_1_138' title='bbox 480 2145 557 2186; x_wconf 89' lang='lat' dir='ltr'>hae</span> <span class='ocrx_word' id='word_1_139' title='bbox 578 2160 660 2185; x_wconf 92' lang='lat' dir='ltr'>non</span> <span class='ocrx_word' id='word_1_140' title='bbox 682 2150 822 2186; x_wconf 86' lang='lat' dir='ltr'>essent</span> <span class='ocrx_word' id='word_1_141' title='bbox 843 2150 1125 2199; x_wconf 81' lang='lat' dir='ltr'>exspectatae,</span> <span class='ocrx_word' id='word_1_142' title='bbox 1149 2145 1300 2185; x_wconf 87' lang='lat' dir='ltr'>bellum</span> <span class='ocrx_word' id='word_1_143' title='bbox 1316 2145 1405 2199; x_wconf 86' lang='lat' dir='ltr'>jam</span> <span class='ocrx_word' id='word_1_144' title='bbox 1426 2145 1580 2186; x_wconf 88' lang='lat' dir='ltr'>nullum</span> <span class='ocrx_word' id='word_1_145' title='bbox 1603 2146 1725 2186; x_wconf 89' lang='lat' dir='ltr'>habe-</span> 
     </span>
     <span class='ocr_line' id='line_1_18' title="bbox 140 2209 1726 2265; baseline 0.001 -16"><span class='ocrx_word' id='word_1_146' title='bbox 140 2223 292 2250; x_wconf 87' lang='lat' dir='ltr'>remus.</span> <span class='ocrx_word' id='word_1_147' title='bbox 365 2209 636 2251; x_wconf 87' lang='lat' dir='ltr'>Auctoritate</span> <span class='ocrx_word' id='word_1_148' title='bbox 677 2209 785 2250; x_wconf 90' lang='lat' dir='ltr'>enim</span> <span class='ocrx_word' id='word_1_149' title='bbox 825 2214 996 2250; x_wconf 89' lang='lat' dir='ltr'>senatus</span> <span class='ocrx_word' id='word_1_150' title='bbox 1036 2224 1325 2264; x_wconf 79' lang='lat' dir='ltr'>consensuque</span> <span class='ocrx_word' id='word_1_151' title='bbox 1365 2210 1507 2265; x_wconf 90' lang='lat' dir='ltr'>populi</span> <span class='ocrx_word' id='word_1_152' title='bbox 1548 2209 1726 2250; x_wconf 86' lang='lat' dir='ltr'>Romani</span> 
     </span>
     <span class='ocr_line' id='line_1_19' title="bbox 141 2273 1727 2330; baseline 0.001 -17"><span class='ocrx_word' id='word_1_153' title='bbox 141 2273 263 2314; x_wconf 86' lang='lat' dir='ltr'>facile</span> <span class='ocrx_word' id='word_1_154' title='bbox 295 2274 472 2314; x_wconf 89' lang='lat' dir='ltr'>hominis</span> <span class='ocrx_word' id='word_1_155' title='bbox 499 2274 677 2315; x_wconf 89' lang='lat' dir='ltr'>amentis</span> <span class='ocrx_word' id='word_1_156' title='bbox 704 2274 973 2329; x_wconf 82' lang='lat' dir='ltr'>fregissemus</span> <span class='ocrx_word' id='word_1_157' title='bbox 993 2275 1225 2316; x_wconf 87' lang='lat' dir='ltr'>audaciam.</span> <span class='ocrx_word' id='word_1_158' title='bbox 1287 2274 1409 2326; x_wconf 72' lang='lat' dir='ltr'>Quod</span> <span class='ocrx_word' id='word_1_159' title='bbox 1431 2275 1592 2315; x_wconf 88' lang='lat' dir='ltr'>confido</span> <span class='ocrx_word' id='word_1_160' title='bbox 1615 2275 1727 2330; x_wconf 88' lang='lat' dir='ltr'>equi-</span> 
     </span>
     <span class='ocr_line' id='line_1_20' title="bbox 142 2337 1727 2395; baseline 0.002 -18"><span class='ocrx_word' id='word_1_161' title='bbox 142 2337 235 2378; x_wconf 90' lang='lat' dir='ltr'>dem</span> <span class='ocrx_word' id='word_1_162' title='bbox 268 2338 458 2380; x_wconf 86' lang='lat' dir='ltr'>eonsules</span> <span class='ocrx_word' id='word_1_163' title='bbox 490 2339 744 2394; x_wconf 85' lang='lat' dir='ltr'>designatos,</span> <span class='ocrx_word' id='word_1_164' title='bbox 779 2339 898 2380; x_wconf 87' lang='lat' dir='ltr'>simul</span> <span class='ocrx_word' id='word_1_165' title='bbox 927 2343 974 2380; x_wconf 92' lang='lat' dir='ltr'>ut</span> <span class='ocrx_word' id='word_1_166' title='bbox 1005 2340 1298 2395; x_wconf 83' lang='lat' dir='ltr'>magistratum</span> <span class='ocrx_word' id='word_1_167' title='bbox 1321 2339 1500 2387; x_wconf 83' lang='lat' dir='ltr'>inierint,</span> <span class='ocrx_word' id='word_1_168' title='bbox 1531 2354 1620 2380; x_wconf 88' lang='lat' dir='ltr'>esse</span> <span class='ocrx_word' id='word_1_169' title='bbox 1641 2340 1727 2380; x_wconf 86' lang='lat' dir='ltr'>fac-</span> 
     </span>
     <span class='ocr_line' id='line_1_21' title="bbox 143 2404 1726 2460; baseline 0.001 -18"><span class='ocrx_word' id='word_1_170' title='bbox 143 2407 285 2449; x_wconf 86' lang='lat' dir='ltr'>tur0s;</span> <span class='ocrx_word' id='word_1_171' title='bbox 320 2409 419 2445; x_wconf 89' lang='lat' dir='ltr'>sunt</span> <span class='ocrx_word' id='word_1_172' title='bbox 453 2404 563 2445; x_wconf 89' lang='lat' dir='ltr'>enim</span> <span class='ocrx_word' id='word_1_173' title='bbox 596 2405 754 2460; x_wconf 84' lang='lat' dir='ltr'>optimo</span> <span class='ocrx_word' id='word_1_174' title='bbox 789 2404 940 2456; x_wconf 87' lang='lat' dir='ltr'>animo,</span> <span class='ocrx_word' id='word_1_175' title='bbox 975 2418 1136 2445; x_wconf 86' lang='lat' dir='ltr'>summo</span> <span class='ocrx_word' id='word_1_176' title='bbox 1172 2404 1356 2454; x_wconf 84' lang='lat' dir='ltr'>consilio,</span> <span class='ocrx_word' id='word_1_177' title='bbox 1395 2404 1594 2459; x_wconf 84' lang='lat' dir='ltr'>singulari</span> <span class='ocrx_word' id='word_1_178' title='bbox 1629 2418 1726 2445; x_wconf 86' lang='lat' dir='ltr'>eon-</span> 
     </span>
    </p>
   </div>
   <div class='ocr_carea' id='block_1_4' title="bbox 143 2534 1728 2913">
    <p class='ocr_par' dir='ltr' id='par_1_4' title="bbox 143 2534 1728 2616">
     <span class='ocr_line' id='line_1_22' title="bbox 188 2534 1726 2575; baseline 0 -12"><span class='ocrx_word' id='word_1_179' title='bbox 188 2535 215 2564; x_wconf 96' lang='lat' dir='ltr'>l.</span> <span class='ocrx_word' id='word_1_180' title='bbox 243 2534 353 2564; x_wconf 77' lang='lat' dir='ltr'>Serius</span> <span class='ocrx_word' id='word_1_181' title='bbox 369 2536 509 2575; x_wconf 80' lang='lat' dir='ltr'>omnino]</span> <span class='ocrx_word' id='word_1_182' title='bbox 560 2536 617 2566; x_wconf 88' lang='lat' dir='ltr'>See</span> <span class='ocrx_word' id='word_1_183' title='bbox 633 2535 686 2566; x_wconf 86' lang='lat' dir='ltr'>the</span> <span class='ocrx_word' id='word_1_184' title='bbox 701 2536 762 2566; x_wconf 90' lang='lat' dir='ltr'>end</span> <span class='ocrx_word' id='word_1_185' title='bbox 783 2535 818 2565; x_wconf 90' lang='lat' dir='ltr'>of</span> <span class='ocrx_word' id='word_1_186' title='bbox 837 2546 863 2565; x_wconf 83' lang='lat' dir='ltr'>c.</span> <span class='ocrx_word' id='word_1_187' title='bbox 881 2537 912 2572; x_wconf 87' lang='lat'>5,</span> <span class='ocrx_word' id='word_1_188' title='bbox 1005 2536 1092 2571; x_wconf 80' lang='lat' dir='ltr'>Quae</span> <span class='ocrx_word' id='word_1_189' title='bbox 1104 2537 1149 2565; x_wconf 80' lang='lat' dir='ltr'>est</span> <span class='ocrx_word' id='word_1_190' title='bbox 1161 2535 1277 2574; x_wconf 73' lang='lat' dir='ltr'>iyitur]</span> <span class='ocrx_word' id='word_1_191' title='bbox 1325 2535 1402 2565; x_wconf 83' lang='lat' dir='ltr'>This</span> <span class='ocrx_word' id='word_1_192' title='bbox 1416 2544 1522 2564; x_wconf 88' lang='lat' dir='ltr'>means</span> <span class='ocrx_word' id='word_1_193' title='bbox 1536 2534 1637 2563; x_wconf 84' lang='lat' dir='ltr'>‘what</span> <span class='ocrx_word' id='word_1_194' title='bbox 1651 2534 1726 2564; x_wconf 86' lang='lat' dir='ltr'>then</span> 
     </span>
     <span class='ocr_line' id='line_1_23' title="bbox 143 2576 1728 2616; baseline -0.001 -9"><span class='ocrx_word' id='word_1_195' title='bbox 143 2576 205 2607; x_wconf 86' lang='lat' dir='ltr'>and</span> <span class='ocrx_word' id='word_1_196' title='bbox 220 2576 274 2606; x_wconf 90' lang='lat' dir='ltr'>the</span> <span class='ocrx_word' id='word_1_197' title='bbox 290 2580 374 2607; x_wconf 86' lang='lat' dir='ltr'>note.</span> <span class='ocrx_word' id='word_1_198' title='bbox 957 2578 1032 2607; x_wconf 84' lang='lat' dir='ltr'>does</span> <span class='ocrx_word' id='word_1_199' title='bbox 1063 2577 1188 2616; x_wconf 84' lang='lat' dir='ltr'>waiting</span> <span class='ocrx_word' id='word_1_200' title='bbox 1214 2588 1315 2614; x_wconf 85' lang='lat' dir='ltr'>mean,</span> <span class='ocrx_word' id='word_1_201' title='bbox 1341 2588 1376 2607; x_wconf 91' lang='lat' dir='ltr'>or</span> <span class='ocrx_word' id='word_1_202' title='bbox 1406 2588 1483 2607; x_wconf 87' lang='lat' dir='ltr'>even</span> <span class='ocrx_word' id='word_1_203' title='bbox 1509 2577 1563 2606; x_wconf 87' lang='lat' dir='ltr'>the</span> <span class='ocrx_word' id='word_1_204' title='bbox 1591 2577 1728 2607; x_wconf 77' lang='lat' dir='ltr'>shortest</span> 
     </span>
    </p>

    <p class='ocr_par' dir='ltr' id='par_1_5' title="bbox 143 2619 1725 2913">
     <span class='ocr_line' id='line_1_24' title="bbox 181 2619 1725 2660; baseline 0 -12"><span class='ocrx_word' id='word_1_205' title='bbox 181 2620 371 2659; x_wconf 71' lang='lat' dir='ltr'>profliyato]</span> <span class='ocrx_word' id='word_1_206' title='bbox 421 2619 471 2649; x_wconf 88' lang='lat' dir='ltr'>He</span> <span class='ocrx_word' id='word_1_207' title='bbox 501 2630 571 2650; x_wconf 84' lang='lat' dir='ltr'>uses</span> <span class='ocrx_word' id='word_1_208' title='bbox 601 2621 656 2650; x_wconf 85' lang='lat' dir='ltr'>the</span> <span class='ocrx_word' id='word_1_209' title='bbox 685 2621 781 2657; x_wconf 87' lang='lat' dir='ltr'>word,</span> <span class='ocrx_word' id='word_1_210' title='bbox 808 2630 841 2650; x_wconf 86' lang='lat' dir='ltr'>as</span> <span class='ocrx_word' id='word_1_211' title='bbox 872 2620 911 2650; x_wconf 89' lang='lat' dir='ltr'>he</span> <span class='ocrx_word' id='word_1_212' title='bbox 956 2619 1238 2660; x_wconf 82' lang='lat' dir='ltr'>delay?’—‘nisi:’</span> <span class='ocrx_word' id='word_1_213' title='bbox 1257 2620 1434 2656; x_wconf 85' lang='lat' dir='ltr'>‘nihil&#39;V.,</span> <span class='ocrx_word' id='word_1_214' title='bbox 1450 2619 1602 2649; x_wconf 83' lang='lat' dir='ltr'>‘nisi’D.</span> <span class='ocrx_word' id='word_1_215' title='bbox 1629 2620 1725 2649; x_wconf 83' lang='lat' dir='ltr'>Halm</span> 
     </span>
     <span class='ocr_line' id='line_1_25' title="bbox 143 2661 1724 2702; baseline -0.001 -10"><span class='ocrx_word' id='word_1_216' title='bbox 143 2662 230 2692; x_wconf 87' lang='lat' dir='ltr'>often</span> <span class='ocrx_word' id='word_1_217' title='bbox 253 2661 337 2697; x_wconf 84' lang='lat' dir='ltr'>does,</span> <span class='ocrx_word' id='word_1_218' title='bbox 354 2663 386 2691; x_wconf 88' lang='lat' dir='ltr'>in</span> <span class='ocrx_word' id='word_1_219' title='bbox 407 2672 425 2691; x_wconf 88' lang='lat' dir='ltr'>a</span> <span class='ocrx_word' id='word_1_220' title='bbox 447 2663 670 2701; x_wconf 76' lang='lat' dir='ltr'>metaphorical</span> <span class='ocrx_word' id='word_1_221' title='bbox 693 2673 793 2699; x_wconf 84' lang='lat' dir='ltr'>sense,</span> <span class='ocrx_word' id='word_1_222' title='bbox 810 2663 911 2692; x_wconf 82' lang='lat' dir='ltr'>which</span> <span class='ocrx_word' id='word_1_223' title='bbox 955 2663 1011 2692; x_wconf 84' lang='lat' dir='ltr'>has</span> <span class='ocrx_word' id='word_1_224' title='bbox 1039 2663 1083 2692; x_wconf 85' lang='lat' dir='ltr'>‘si</span> <span class='ocrx_word' id='word_1_225' title='bbox 1105 2663 1205 2698; x_wconf 83' lang='lat' dir='ltr'>nihi1‚’</span> <span class='ocrx_word' id='word_1_226' title='bbox 1225 2663 1326 2692; x_wconf 88' lang='lat' dir='ltr'>which</span> <span class='ocrx_word' id='word_1_227' title='bbox 1351 2673 1422 2702; x_wconf 88' lang='lat' dir='ltr'>may</span> <span class='ocrx_word' id='word_1_228' title='bbox 1447 2662 1485 2692; x_wconf 89' lang='lat' dir='ltr'>be</span> <span class='ocrx_word' id='word_1_229' title='bbox 1510 2662 1565 2691; x_wconf 89' lang='lat' dir='ltr'>the</span> <span class='ocrx_word' id='word_1_230' title='bbox 1590 2662 1724 2700; x_wconf 83' lang='lat' dir='ltr'>genuine</span> 
     </span>
     <span class='ocr_line' id='line_1_26' title="bbox 143 2703 1724 2744; baseline -0.001 -10"><span class='ocrx_word' id='word_1_231' title='bbox 143 2705 169 2734; x_wconf 83' lang='lat' dir='ltr'>is</span> <span class='ocrx_word' id='word_1_232' title='bbox 198 2713 273 2734; x_wconf 84' lang='lat' dir='ltr'>near</span> <span class='ocrx_word' id='word_1_233' title='bbox 303 2704 427 2742; x_wconf 82' lang='lat' dir='ltr'>enough</span> <span class='ocrx_word' id='word_1_234' title='bbox 463 2709 496 2734; x_wconf 90' lang='lat' dir='ltr'>to</span> <span class='ocrx_word' id='word_1_235' title='bbox 526 2706 580 2734; x_wconf 89' lang='lat' dir='ltr'>the</span> <span class='ocrx_word' id='word_1_236' title='bbox 609 2706 756 2744; x_wconf 88' lang='lat' dir='ltr'>meaning</span> <span class='ocrx_word' id='word_1_237' title='bbox 785 2705 821 2735; x_wconf 88' lang='lat' dir='ltr'>of</span> <span class='ocrx_word' id='word_1_238' title='bbox 853 2715 911 2735; x_wconf 87' lang='lat' dir='ltr'>our</span> <span class='ocrx_word' id='word_1_239' title='bbox 955 2706 1268 2739; x_wconf 83' lang='lat' dir='ltr'>text.—‘sacrificiis‚</span> <span class='ocrx_word' id='word_1_240' title='bbox 1292 2705 1336 2734; x_wconf 84' lang='lat' dir='ltr'>sic</span> <span class='ocrx_word' id='word_1_241' title='bbox 1362 2703 1530 2734; x_wconf 80' lang='lat' dir='ltr'>consiliis:’</span> <span class='ocrx_word' id='word_1_242' title='bbox 1561 2704 1615 2734; x_wconf 90' lang='lat' dir='ltr'>the</span> <span class='ocrx_word' id='word_1_243' title='bbox 1639 2713 1724 2733; x_wconf 87' lang='lat' dir='ltr'>com-</span> 
     </span>
     <span class='ocr_line' id='line_1_27' title="bbox 144 2746 1607 2786; baseline -0.001 -9"><span class='ocrx_word' id='word_1_244' title='bbox 144 2746 306 2777; x_wconf 84' lang='lat' dir='ltr'>Latinized</span> <span class='ocrx_word' id='word_1_245' title='bbox 318 2747 401 2775; x_wconf 88' lang='lat' dir='ltr'>word</span> <span class='ocrx_word' id='word_1_246' title='bbox 413 2749 420 2762; x_wconf 83' lang='lat'>‘</span> <span class='ocrx_word' id='word_1_247' title='bbox 435 2747 597 2785; x_wconf 83' lang='lat' dir='ltr'>profligate</span> <span class='ocrx_word' id='word_1_248' title='bbox 609 2748 627 2783; x_wconf 84' lang='lat'>;&#39;</span> <span class='ocrx_word' id='word_1_249' title='bbox 645 2748 692 2777; x_wconf 80' lang='lat' dir='ltr'>for</span> <span class='ocrx_word' id='word_1_250' title='bbox 709 2748 748 2777; x_wconf 88' lang='lat' dir='ltr'>he</span> <span class='ocrx_word' id='word_1_251' title='bbox 763 2748 838 2777; x_wconf 85' lang='lat' dir='ltr'>does</span> <span class='ocrx_word' id='word_1_252' title='bbox 853 2750 911 2777; x_wconf 87' lang='lat' dir='ltr'>not</span> <span class='ocrx_word' id='word_1_253' title='bbox 955 2757 1027 2777; x_wconf 87' lang='lat' dir='ltr'>mon</span> <span class='ocrx_word' id='word_1_254' title='bbox 1045 2747 1172 2786; x_wconf 84' lang='lat' dir='ltr'>reading</span> <span class='ocrx_word' id='word_1_255' title='bbox 1187 2749 1213 2777; x_wconf 88' lang='lat' dir='ltr'>is</span> <span class='ocrx_word' id='word_1_256' title='bbox 1230 2751 1237 2764; x_wconf 77' lang='lat'><strong>⁴</strong></span> <span class='ocrx_word' id='word_1_257' title='bbox 1251 2748 1390 2777; x_wconf 86' lang='lat' dir='ltr'>sacrificii</span> <span class='ocrx_word' id='word_1_258' title='bbox 1406 2748 1450 2777; x_wconf 84' lang='lat' dir='ltr'>sic</span> <span class='ocrx_word' id='word_1_259' title='bbox 1465 2746 1607 2777; x_wconf 86' lang='lat' dir='ltr'>consilii.&#39;</span> 
     </span>
     <span class='ocr_line' id='line_1_28' title="bbox 144 2787 1723 2829; baseline -0.002 -10"><span class='ocrx_word' id='word_1_260' title='bbox 144 2799 235 2819; x_wconf 89' lang='lat' dir='ltr'>mean</span> <span class='ocrx_word' id='word_1_261' title='bbox 260 2788 330 2818; x_wconf 86' lang='lat' dir='ltr'>that</span> <span class='ocrx_word' id='word_1_262' title='bbox 345 2789 502 2819; x_wconf 84' lang='lat' dir='ltr'>Antonius</span> <span class='ocrx_word' id='word_1_263' title='bbox 521 2799 582 2818; x_wconf 86' lang='lat' dir='ltr'>was</span> <span class='ocrx_word' id='word_1_264' title='bbox 605 2795 658 2828; x_wconf 84' lang='lat' dir='ltr'>yet</span> <span class='ocrx_word' id='word_1_265' title='bbox 680 2801 698 2819; x_wconf 91' lang='lat' dir='ltr'>a</span> <span class='ocrx_word' id='word_1_266' title='bbox 718 2790 829 2820; x_wconf 86' lang='lat' dir='ltr'>ruined</span> <span class='ocrx_word' id='word_1_267' title='bbox 851 2790 911 2820; x_wconf 88' lang='lat' dir='ltr'>and</span> <span class='ocrx_word' id='word_1_268' title='bbox 1000 2791 1059 2820; x_wconf 78' lang='lat' dir='ltr'>hae</span> <span class='ocrx_word' id='word_1_269' title='bbox 1074 2799 1136 2819; x_wconf 81' lang='lat' dir='ltr'>non</span> <span class='ocrx_word' id='word_1_270' title='bbox 1152 2790 1268 2829; x_wconf 75' lang='lat' dir='ltr'>essent]</span> <span class='ocrx_word' id='word_1_271' title='bbox 1297 2794 1304 2806; x_wconf 80' lang='lat'><strong>⁴</strong></span> <span class='ocrx_word' id='word_1_272' title='bbox 1318 2800 1372 2819; x_wconf 82' lang='lat' dir='ltr'>eae</span> <span class='ocrx_word' id='word_1_273' title='bbox 1393 2800 1455 2819; x_wconf 90' lang='lat' dir='ltr'>non</span> <span class='ocrx_word' id='word_1_274' title='bbox 1479 2788 1596 2819; x_wconf 81' lang='lat' dir='ltr'>essent⁷</span> <span class='ocrx_word' id='word_1_275' title='bbox 1617 2787 1723 2817; x_wconf 86' lang='lat' dir='ltr'>Halm.</span> 
     </span>
     <span class='ocr_line' id='line_1_29' title="bbox 144 2830 1723 2871; baseline -0.002 -9"><span class='ocrx_word' id='word_1_276' title='bbox 144 2831 286 2862; x_wconf 81' lang='lat' dir='ltr'>defeated</span> <span class='ocrx_word' id='word_1_277' title='bbox 303 2834 440 2861; x_wconf 71' lang='lat' dir='ltr'>mam—⁴</span> <span class='ocrx_word' id='word_1_278' title='bbox 453 2841 489 2860; x_wconf 82' lang='lat' dir='ltr'>ex</span> <span class='ocrx_word' id='word_1_279' title='bbox 506 2841 567 2870; x_wconf 87' lang='lat' dir='ltr'>qua</span> <span class='ocrx_word' id='word_1_280' title='bbox 578 2832 597 2860; x_wconf 75' lang='grc' dir='ltr'>ε’</span> <span class='ocrx_word' id='word_1_281' title='bbox 623 2832 663 2861; x_wconf 84' lang='lat' dir='ltr'>he</span> <span class='ocrx_word' id='word_1_282' title='bbox 680 2832 863 2862; x_wconf 81' lang='lat' dir='ltr'>threatened</span> <span class='ocrx_word' id='word_1_283' title='bbox 879 2837 912 2862; x_wconf 85' lang='lat' dir='ltr'>to</span> <span class='ocrx_word' id='word_1_284' title='bbox 955 2835 1007 2855; x_wconf 78' lang='lat'>—‘</span> <span class='ocrx_word' id='word_1_285' title='bbox 1020 2832 1162 2862; x_wconf 87' lang='lat' dir='ltr'>consules</span> <span class='ocrx_word' id='word_1_286' title='bbox 1173 2833 1351 2871; x_wconf 82' lang='lat' dir='ltr'>designatos</span> <span class='ocrx_word' id='word_1_287' title='bbox 1365 2832 1385 2862; x_wconf 86' lang='lat'>:’</span> <span class='ocrx_word' id='word_1_288' title='bbox 1404 2832 1526 2863; x_wconf 83' lang='lat' dir='ltr'>Hirtius</span> <span class='ocrx_word' id='word_1_289' title='bbox 1538 2830 1600 2862; x_wconf 86' lang='lat' dir='ltr'>aud</span> <span class='ocrx_word' id='word_1_290' title='bbox 1613 2831 1723 2867; x_wconf 78' lang='lat' dir='ltr'>Pansa,</span> 
     </span>
     <span class='ocr_line' id='line_1_30' title="bbox 144 2873 1363 2913; baseline 0.001 -9"><span class='ocrx_word' id='word_1_291' title='bbox 144 2884 233 2904; x_wconf 87' lang='lat' dir='ltr'>come</span> <span class='ocrx_word' id='word_1_292' title='bbox 256 2877 289 2903; x_wconf 86' lang='lat' dir='ltr'>to</span> <span class='ocrx_word' id='word_1_293' title='bbox 312 2874 412 2903; x_wconf 84' lang='lat' dir='ltr'>Rome</span> <span class='ocrx_word' id='word_1_294' title='bbox 433 2874 508 2903; x_wconf 83' lang='lat' dir='ltr'>with</span> <span class='ocrx_word' id='word_1_295' title='bbox 531 2873 580 2902; x_wconf 81' lang='lat' dir='ltr'>his</span> <span class='ocrx_word' id='word_1_296' title='bbox 605 2884 692 2913; x_wconf 85' lang='lat' dir='ltr'>army</span> <span class='ocrx_word' id='word_1_297' title='bbox 714 2875 793 2904; x_wconf 87' lang='lat' dir='ltr'>from</span> <span class='ocrx_word' id='word_1_298' title='bbox 814 2875 910 2906; x_wconf 83' lang='lat' dir='ltr'>Cisal·</span> <span class='ocrx_word' id='word_1_299' title='bbox 956 2875 1010 2905; x_wconf 88' lang='lat' dir='ltr'>the</span> <span class='ocrx_word' id='word_1_300' title='bbox 1025 2875 1150 2906; x_wconf 81' lang='lat' dir='ltr'>consuls</span> <span class='ocrx_word' id='word_1_301' title='bbox 1166 2875 1214 2906; x_wconf 87' lang='lat' dir='ltr'>for</span> <span class='ocrx_word' id='word_1_302' title='bbox 1230 2884 1294 2905; x_wconf 79' lang='grc' dir='ltr'>Β.σ.</span> <span class='ocrx_word' id='word_1_303' title='bbox 1312 2876 1363 2906; x_wconf 85' lang='grc'>43.</span> 
     </span>
    </p>
   </div>
   <div class='ocr_carea' id='block_1_5' title="bbox 143 2916 765 2957">
    <p class='ocr_par' dir='ltr' id='par_1_6' title="bbox 143 2916 765 2957">
     <span class='ocr_line' id='line_1_31' title="bbox 143 2916 765 2957; baseline -0.002 -10"><span class='ocrx_word' id='word_1_304' title='bbox 143 2917 215 2957; x_wconf 87' lang='lat' dir='ltr'>pine</span> <span class='ocrx_word' id='word_1_305' title='bbox 233 2917 343 2954; x_wconf 81' lang='lat' dir='ltr'>Gallia,</span> <span class='ocrx_word' id='word_1_306' title='bbox 360 2927 394 2947; x_wconf 82' lang='lat' dir='ltr'>as</span> <span class='ocrx_word' id='word_1_307' title='bbox 412 2916 447 2948; x_wconf 65' lang='lat' dir='ltr'>C.</span> <span class='ocrx_word' id='word_1_308' title='bbox 467 2916 580 2947; x_wconf 81' lang='lat' dir='ltr'>Caesar</span> <span class='ocrx_word' id='word_1_309' title='bbox 596 2916 656 2946; x_wconf 80' lang='lat' dir='ltr'>had</span> <span class='ocrx_word' id='word_1_310' title='bbox 673 2916 765 2946; x_wconf 87' lang='lat' dir='ltr'>done.</span> 
     </span>
    </p>
   </div>
  </div>
 </body>
</html>
