1816 3211
703 177 837 222 OAP.
872 181 1032 231 1213.
1583 184 1665 229 575

60 291 123 333 M.
150 291 328 334 Antonii
349 295 448 333 sunt
469 307 520 333 ne
541 292 598 334 sit
619 307 668 334 ea
688 308 756 334 res
777 293 926 344 fraudi,
950 293 985 334 si
1013 298 1112 335 ante
1137 293 1356 336 Kalendas
1380 295 1508 338 Febr.
1530 298 1583 338 ab
1615 313 1664 339 eo

58 358 343 399 discesserint.
405 358 525 399 Haec
547 358 582 399 si
604 359 864 407 censueritis,
887 363 1030 414 patres
1060 360 1302 415 conscripti,
1326 361 1440 402 brevi
1470 367 1663 417 tempore

13 428 15 430 ’
57 423 298 464 libertatem
330 424 471 479 populi
504 424 684 465 Romani
714 425 1094 480 auctoritatemque
1126 430 1311 467 vestram
1342 427 1664 482 recuperabitis.

61 488 136 528 Sin
176 494 320 530 autem
360 489 494 529 lenius
534 489 682 543 agetis,
721 495 864 531 tamen
900 491 1060 540 eadem,
1098 491 1171 531 sed
1204 492 1387 533 fortasse
1419 492 1554 533 serius
1594 493 1665 534 de-

59 555 252 595 cernetis.
317 554 383 594 De
404 569 448 595 re
471 555 637 609 publica
659 556 769 610 quod
791 556 1018 597 rettulistis
1040 556 1146 597 satis
1168 557 1407 598 decrevisse
1428 558 1586 599 videor.

117 619 257 660 XIII.
292 620 444 660 Altera
465 634 533 660 res
554 625 618 661 est
650 621 700 661 de
728 621 970 670 honoribus,
995 622 1047 662 de
1079 621 1231 676 quibus
1254 622 1454 678 deinceps
1475 623 1664 679 intelligo

58 699 150 725 esse
172 685 407 725 dicendum.
470 684 554 725 Sed
582 685 651 739 qui
685 686 786 726 ordo
821 686 862 726 in
896 687 1118 728 sententiis
1139 687 1338 741 rogandis
1359 688 1516 728 servari
1542 689 1663 738 solet,

58 750 237 791 eundem
257 750 411 791 tenebo
434 749 475 789 in
497 749 596 790 viris
626 750 806 792 fortibus
828 752 1097 793 honorandis.
1160 752 1201 792 A
1236 753 1369 794 Bruto
1401 753 1544 809 igitur,
1569 769 1664 795 con-

58 816 147 857 sule
168 815 398 870 designato,
423 829 537 855 more
559 815 765 869 majorum
797 816 1010 871 capiamus
1031 817 1275 865 exordiunn
1312 819 1432 872 cujus
1462 823 1511 859 ut
1542 834 1665 874 supe-

58 881 168 922 riora
190 881 398 930 omittam,
422 894 527 935 quae
547 885 645 921 sunt
674 881 856 922 maxima
883 882 952 923 illa
984 883 1163 938 quidem,
1188 883 1262 924 sed
1292 883 1430 923 adhuc
1452 883 1665 924 hominum

58 946 192 1000 magis
215 945 384 1000 judiciis
405 960 530 1001 quam
552 946 715 1001 publice
747 946 929 997 laudata,
956 948 1205 1003 quibusnam
1228 947 1367 989 verbis
1400 949 1492 1003 ejus
1522 948 1664 990 laudes

59 1012 182 1066 hujus
203 1011 333 1067 ipsius
353 1011 555 1066 temporis
576 1012 776 1067 consequi
798 1014 1051 1068 possumus?
1112 1014 1259 1069 Neque
1281 1014 1391 1055 enim
1412 1014 1537 1055 ullam
1558 1030 1664 1056 mer-

58 1078 203 1118 cedem
230 1082 354 1119 tanta
379 1077 512 1119 virt-us
540 1082 708 1132 praeter
739 1078 847 1119 hanc
883 1079 1018 1120 laudis
1050 1079 1292 1135 gloriaeque
1326 1080 1549 1128 desiderat,
1582 1096 1665 1136 qua

58 1142 222 1184 etiamsi
245 1147 400 1193 careat,
425 1147 565 1183 tamen
588 1142 644 1183 sit
665 1157 708 1183 se·
736 1143 827 1198 ipsa
849 1149 1074 1192 contenta;
1110 1159 1360 1200 quamquam
1392 1145 1434 1186 in
1464 1146 1664 1187 memoria

58 1214 275 1265 gratorum
313 1209 464 1250 civium
496 1213 712 1263 tamquam
747 1209 788 1249 in
823 1209 915 1251 luce
951 1210 1090 1265 posita
1124 1210 1321 1253 laetetur.
1385 1212 1497 1252 Laus
1533 1212 1665 1267 igitur

53 1274 199 1330 judieii
220 1274 535 1329 testimoniique
557 1274 692 1315 nostri
716 1275 940 1316 tribuenda
973 1276 1107 1318 Bruto
1139 1281 1217 1317 est.
1281 1277 1565 1329 Quamobrem
1598 1278 1664 1319 his

58 1340 209 1389 verbis,
227 1345 371 1395 patres
388 1339 627 1394 conscripti,
644 1342 1057 1382 senatusconsultum
1073 1342 1307 1383 faciendum
1325 1357 1474 1384 censeo
1489 1361 1497 1385 ε
1526 1343 1665 1395 Quum

60 1404 113 1446 D.
150 1405 310 1446 Brutus
350 1405 592 1460 imperator,
638 1405 783 1446 consul
820 1406 1070 1461 designatus
1110 1407 1367 1462 provinciam
1404 1409 1582 1449 Galliam
1621 1409 1664 1450 in

59 1474 232 1511 senatus
272 1470 495 1525 populique
531 1470 710 1511 Romani
746 1476 961 1526 potestate
997 1475 1154 1523 teneat,
1191 1487 1400 1529 quumque
1433 1475 1665 1516 exercituin

58 1540 227 1577 tantum
258 1539 344 1576 tam
377 1535 493 1576 brevi
527 1542 728 1590 tempore,
757 1550 919 1577 summo
954 1537 1094 1578 studio
1130 1538 1451 1594 municipiorum
1484 1540 1664 1581 colonia-

58 1615 232 1656 rumque
249 1601 487 1656 provinciae
510 1601 670 1641 Galliae
691 1601 846 1656 optime
864 1602 914 1642 de
937 1617 981 1643 re
1003 1602 1169 1657 publica
1185 1603 1361 1646 meritae
1381 1605 1664 1660 merentisque

58 1666 365 1722 conscripserit,
390 1666 659 1721 compararit,
681 1665 723 1706 id
751 1682 845 1708 eum
874 1672 989 1708 recte
1012 1673 1054 1708 et
1082 1668 1227 1709 ordine
1259 1683 1392 1724 exque
1423 1685 1466 1711 re
1497 1670 1665 1725 publica

56 1731 217 1781 fecisse,
241 1731 365 1786 idque
389 1730 445 1772 D.
469 1730 593 1772 Bruti
621 1732 1030 1786 praestantissimum
1053 1733 1251 1774 meritum
1282 1734 1323 1774 in
1345 1749 1432 1775 rem
1454 1736 1665 1790 publicam

58 1797 224 1839 senatui
257 1796 492 1852 populoque
526 1796 718 1838 Romano
751 1802 919 1853 gratum
948 1813 1041 1839 esse
1075 1803 1119 1840 et
1150 1799 1266 1840 fore:
1301 1799 1443 1855 itaque
1472 1807 1665 1842 senatum

58 1863 340 1918 populumque
377 1862 616 1903 Romanum
652 1863 895 1905 existimare
932 1863 988 1904 D.
1012 1863 1136 1905 Bruti
1169 1865 1446 1920 imperatoris,
1483 1866 1665 1907 consulis

59 1928 282 1983 designati,
307 1943 447 1983 opera,
473 1928 661 1976 consilio,
683 1928 841 1970 virtute
873 1929 1185 1985 incredibilique
1207 1931 1359 1982 studio,
1384 1936 1428 1972 et
1458 1946 1664 1973 consensu

59 1993 299 2048 provinciae
322 1993 483 2034 Galliae
504 1993 563 2034 rei
584 1993 776 2049 publicae
800 1994 1039 2035 difficillimo
1069 2000 1260 2051 tempore
1282 2011 1374 2037 esse
1395 1998 1663 2038 subventum.

58 2058 234 2099 —Huic
254 2063 375 2099 tanto
397 2058 546 2099 merito
570 2059 705 2109 Bruti,
730 2064 873 2114 patres
895 2059 1138 2115 conscripti,
1161 2066 1367 2116 tantoque
1389 2062 1429 2102 in
1452 2077 1539 2103 rem
1561 2063 1663 2117 pub-

58 2125 181 2165 licam
204 2123 418 2173 beneficio,
442 2124 535 2179 quis
557 2130 622 2165 est
653 2129 799 2166 tantus
831 2126 962 2166 honos
990 2125 1059 2180 qui
1088 2141 1172 2166 non
1195 2127 1427 2168 debeatur?
1488 2127 1598 2168 Nam
1629 2128 1663 2168 si

63 2190 126 2231 M.
150 2189 338 2230 Antonio
360 2189 568 2244 patuisset
590 2189 738 2241 Gallia,
762 2191 796 2231 si
825 2191 1035 2246 oppressis
1056 2191 1292 2246 municipiis
1314 2197 1358 2233 et
1388 2192 1559 2233 coloniis
1590 2193 1664 2233 ini·

885 2288 934 2315 art
951 2285 986 2315 of
999 2296 1072 2320 war,
1090 2285 1148 2315 but
1163 2286 1188 2315 it
1205 2297 1266 2316 was
1283 2290 1338 2316 not
1355 2287 1459 2317 nnn-h.

929 2338 1121 2367 quamquam
1160 2330 1192 2359 in
1227 2331 1396 2369 momoria]
1446 2331 1474 2360 V
1500 2331 1520 2361 i.
1569 2331 1664 2362 Some

105 2285 190 2324 quod
225 2284 415 2324 rettulistis]
489 2284 611 2324 ‘quoad
649 2284 839 2316 rettulistis’

62 2328 170 2364 Halm,
193 2328 263 2357 who
287 2338 367 2367 sayS,
391 2328 508 2367 “quod
530 2328 690 2365 Facrnus3
716 2339 777 2368 qna
802 2329 840 2358 de

61 2370 272 2400 Lambinus.''
322 2371 386 2401 But
404 2371 543 2401 Faernus
560 2375 658 2401 wrote
689 2375 696 2388 ‘
710 2371 838 2411 quoad,'

59 2424 78 2444 a
94 2415 273 2452 conjecture
290 2414 320 2443 in
338 2415 426 2453 place
442 2414 477 2444 of
491 2416 498 2430 ‘
513 2414 620 2453 quod.’

106 2458 154 2487 13.
174 2459 206 2486 in
216 2457 397 2496 sententzis]
424 2457 493 2486 The
505 2458 597 2487 order
610 2460 617 2473 ⁴
630 2457 661 2486 in
673 2457 839 2486 sententiis

58 2499 226 2538 rogandis’
245 2509 306 2528 was
328 2504 361 2529 to
388 2500 478 2538 begin
501 2500 577 2529 with
606 2500 658 2529 the
683 2500 839 2529 Consules

59 2542 225 2581 designati,
256 2542 318 2571 and
350 2543 549 2582 accordingly
582 2543 692 2573 Cicero
727 2542 838 2579 begins

59 2585 136 2614 with
149 2586 189 2614 D.
205 2585 321 2614 Brutus
335 2585 424 2614 when
443 2585 481 2614 he
498 2594 648 2624 proposes
666 2589 697 2614 to
715 2585 839 2615 honour

60 2629 152 2658 those
177 2627 247 2657 who
273 2627 335 2656 had
362 2628 443 2657 done
474 2629 552 2657 such
583 2628 700 2657 service
726 2632 759 2657 to
785 2628 839 2658 the

61 2675 152 2701 state.
211 2670 408 2709 ‘Deinceps’
441 2680 549 2700 means
586 2671 616 2700 in
649 2671 837 2707 succession,

60 2724 121 2744 one
144 2714 222 2743 after
252 2713 307 2743 the
333 2713 433 2743 other.
481 2713 658 2753 “Reliquis
689 2713 836 2754 deinceps

61 2757 171 2787 diebus
196 2755 342 2787 Caesar''
371 2755 512 2796 (Caesar,
539 2756 576 2786 B.
594 2757 632 2786 G.
656 2757 698 2786 iii.
723 2756 836 2798 211).—

62 2802 69 2816 ‘
81 2800 243 2840 superiora
257 2799 277 2829 :⁷
303 2799 342 2828 he
359 2809 466 2828 means
485 2798 644 2828 Decimus'
660 2804 747 2838 great
771 2811 835 2830 ser-

60 2843 142 2873 vices
158 2843 191 2873 in
206 2843 261 2872 the
277 2843 499 2872 assassinatiou
523 2842 559 2871 of
578 2842 625 2871 his
650 2843 751 2872 friend
773 2844 834 2874 and

60 2886 114 2916 old
130 2885 332 2916 connnander
356 2885 411 2915 the
432 2885 585 2921 Dictator,
611 2885 711 2915 under
732 2886 834 2917 whom

60 2928 180 2960 Brutus
205 2929 268 2960 had
293 2928 421 2959 learned
436 2928 520 2959 what
544 2928 583 2958 he
608 2927 699 2959 knew
722 2928 758 2959 of
781 2929 835 2961 the

884 2372 934 2400 old
963 2372 1099 2401 editions
1130 2372 1209 2401 have
1241 2377 1354 2412 ‘atquc
1385 2374 1416 2403 in
1443 2375 1662 2404 mein‹n-ia.'---

883 2416 891 2430 ‘
903 2415 988 2443 illan}
1010 2415 1153 2444 ultimam
1169 2415 1188 2444 τ’
1215 2415 1269 2446 the
1286 2420 1355 2456 part
1373 2417 1408 2446 of
1426 2418 1529 2447 Gallia
1544 2418 1662 2447 ’1111115-

884 2457 1001 2496 alpina,
1049 2458 1151 2487 which
1189 2469 1251 2488 was
1300 2460 1444 2489 l’lancus'
1488 2461 1660 2491 Provincia.

885 2500 996 2530 Cicero
1018 2500 1108 2535 fears,
1136 2510 1172 2531 or
1195 2502 1304 2532 affects
1321 2506 1354 2532 to
1370 2503 1445 2539 sear,
1472 2504 1526 2533 the
1551 2514 1661 2533 conse-

884 2553 1020 2582 quences
1037 2544 1139 2573 which
1157 2546 1259 2575 would
1284 2546 1362 2576 have
1384 2547 1538 2582 followed,
1555 2547 1581 2577 if
1594 2549 1661 2577 An-

883 2587 990 2616 tonius
1017 2587 1077 2616 had
1100 2592 1154 2625 got
1175 2599 1291 2629 among
1314 2590 1368 2619 the
1386 2590 1512 2620 warlikc
1536 2591 1660 2620 nations

883 2629 917 2659 os
931 2629 1033 2659 Gallia
1052 2630 1183 2667 Ultima,
1201 2631 1304 2662 whom
1322 2632 1361 2662 110
1376 2633 1479 2662 would
1507 2633 1585 2663 have
1609 2633 1659 2663 led

883 2673 1006 2711 against
1019 2673 1184 2703 Rome.-—‘
1199 2685 1239 2704 ne
1256 2675 1384 2715 Alpium
1393 2676 1519 2715 quidem
1538 2686 1628 2706 muro
1640 2676 1659 2705 ι’

881 2725 1026 2756 compare
1056 2717 1104 2747 De
1135 2718 1226 2748 Prov.
1256 2719 1352 2749 Cous.
1385 2729 1411 2749 c.
1447 2721 1551 2749 1⁴.—¹
1570 2729 1659 2758 prae-

881 2758 962 2789 sidet
974 2758 994 2789 2’
1018 2762 1025 2776 ⁴
1040 2761 1202 2798 protects!
1238 2762 1396 2800 Compare
1411 2762 1470 2791 l‘ro
1486 2762 1617 2794 Milone.
1631 2772 1657 2790 0.

880 2803 933 2837 37,
966 2803 1070 2832 “111110
1083 2803 1201 2841 judicio
1221 2804 1508 2843 praesidentibus.''
1557 2803 1658 2833 Gallia

881 2845 1041 2885 Cisalpina.
1058 2857 1119 2876 was
1139 2847 1194 2877 the
1219 2847 1360 2878 bulwark
1381 2848 1416 2878 of
1436 2847 1516 2886 Italy
1533 2847 1657 2886 against

881 2888 982 2919 Gallia
999 2889 1131 2920 Ultima.
