1816 3211
707 196 841 239 CAP.
871 199 998 239 3—5.
1577 205 1652 245 641

53 323 77 350 o
99 307 371 365 perditissimi
392 309 580 351 homines
605 314 649 352 et
668 310 960 362 amentissimi,
989 311 1122 353 multo
1149 311 1377 354 miseriora.
1442 314 1551 356 Nam
1573 331 1654 371 quo

52 375 187 429 major
208 374 270 415 vis
291 379 357 415 est
378 374 505 415 animi
537 389 662 430 quam
690 377 890 431 eorporis,
914 377 993 418 hoe
1014 382 1113 419 sunt
1133 378 1327 433 graviora
1349 394 1398 420 ea
1419 395 1523 435 quae
1558 397 1654 423 eon-

51 439 263 494 cipiuntur
289 439 426 480 animo
458 455 582 495 quam
613 440 682 480 illa
712 455 818 495 quae
853 456 1039 497 corpore.
1104 443 1301 484 Miserior
1322 444 1452 499 igitur
1473 446 1542 501 qui
1563 462 1652 488 sus-
1679 435 1687 441 ⁶

51 504 153 559 cipit
175 505 216 545 in
238 519 283 545 se
304 505 442 545 scelus
464 519 587 559 quam
608 505 643 546 is
664 505 734 560 qui
755 505 929 547 alterius
956 507 1116 548 facinus
1140 508 1279 549 subire
1307 510 1484 564 cogitur.
1548 511 1652 553 Oru-

50 570 184 611 eiatus
217 575 282 610 est
303 584 328 610 a
351 569 572 611 Dolabella
604 570 861 611 Trebonius:
896 576 940 612 et
968 573 1136 626 quidem
1169 587 1194 612 a
1223 573 1651 629 Karthaginiensibus

50 634 252 689 Regulus.
315 635 408 686 Qua
432 649 476 675 re
509 649 636 689 quum
670 635 943 676 erudelissimi
972 636 1104 677 Poeni
1129 637 1310 691 judicati
1338 639 1424 680 sint
1451 640 1492 679 in
1514 641 1648 692 hoste,

48 699 146 754 quid
167 699 208 739 in
230 698 317 739 eive
340 699 390 738 de
413 699 632 740 Dolabella
648 699 924 754 judicandum
945 703 1037 742 est?
1099 702 1170 742 An
1199 717 1295 744 vero
1327 703 1405 745 hoe
1438 706 1651 747 eonferen-

47 764 146 804 dum
167 768 232 805 est
252 767 327 803 aut
348 763 627 805 dubitandum
649 769 746 805 uter
767 765 957 805 miserior
987 766 1054 816 sit,
1080 766 1168 808 isne
1190 768 1310 822 eujus
1331 774 1508 810 mortem
1531 786 1648 812 sena-

45 835 115 870 tus
136 828 392 884 populusque
414 828 629 869 Romanus
651 829 795 870 ulcisci
817 830 933 885 eupit
954 846 1007 871 an
1029 831 1064 872 is
1087 832 1157 886 qui
1180 833 1342 874 eunctis
1362 840 1535 876 senatus
1555 851 1647 877 sen-

45 894 191 935 tentiis
225 894 361 934 hostis
393 899 459 936 est
485 894 729 949 judicatus?
792 894 902 935 Nam
933 896 1085 937 ceteris
1116 897 1284 952 quidem
1314 899 1424 940 vitae
1454 900 1647 955 partibus

45 960 138 1015 quis
158 964 224 1000 est
246 959 315 1014 qui
337 959 470 1014 possit
498 959 587 1000 sine
611 960 809 1000 Trebonii
831 961 1012 1001 maxima
1034 963 1288 1003 contumelia
1309 964 1496 1005 conferre
1517 966 1647 1007 vitam

45 1024 243 1066 Trebonii
270 1039 366 1065 eum
398 1024 671 1065 Dolabellae?
732 1025 924 1066 Alterius
951 1026 1181 1077 eonsilium,
1206 1027 1430 1083 ingenium,
1454 1029 1646 1071 humani-

42 1095 191 1141 tatem,
227 1090 522 1140 innocentiam,
557 1091 890 1145 magnitudinem
922 1092 1048 1132 animi
1071 1092 1112 1133 in
1136 1093 1276 1148 patria
1302 1093 1515 1136 liberanda
1552 1096 1645 1152 quis

41 1155 233 1210 ignorat?
264 1155 384 1196 alteri
406 1170 430 1196 a
451 1170 579 1211 puero
610 1171 685 1211 pro
717 1156 877 1197 deliciis
908 1157 1133 1199 erudelitas
1166 1158 1275 1208 fuit;
1312 1159 1461 1201 deinde
1483 1175 1533 1201 ea
1553 1161 1643 1202 libi-

42 1221 184 1261 dinum
205 1220 424 1274 turpitudo
447 1225 493 1261 ut
516 1221 557 1261 in
579 1221 657 1262 hoe
679 1221 735 1262 sit
756 1236 920 1276 semper
941 1222 1030 1277 ipse
1052 1222 1248 1273 laetatus,
1283 1225 1394 1279 quod
1416 1239 1465 1265 ea
1485 1226 1643 1268 faceret

41 1301 147 1341 quae
169 1285 249 1327 sibi
270 1285 394 1341 objici
416 1301 467 1327 ne
487 1287 539 1327 ab
568 1286 735 1328 inimico
769 1287 934 1342 quidem
967 1294 1140 1343 possent
1168 1291 1416 1330 verecundo,
1478 1290 1539 1332 Et
1561 1292 1639 1342 hic,

40 1352 96 1392 dii
117 1352 374 1393 immortales
394 1355 402 1392 ἔ
437 1351 658 1407 aliquando
681 1352 760 1393 fuit
781 1367 926 1399 meus3
962 1354 1127 1395 occulta
1155 1354 1265 1395 enim
1296 1360 1416 1396 erant
1440 1356 1538 1397 vitia
1559 1371 1641 1398 non

39 1416 279 1471 inquirenti.
341 1416 488 1472 Neque
510 1432 619 1458 nune
635 1418 815 1458 fortasse
836 1418 995 1459 alienus
1015 1419 1068 1459 ab
1091 1434 1139 1459 eo
1157 1434 1304 1470 esseni,
1324 1420 1402 1461 nisi
1423 1421 1490 1461 ille
1507 1421 1639 1473 nobis,

39 1481 116 1522 nisi
138 1482 354 1523 moenibus
375 1482 546 1537 patriae,
570 1482 648 1523 nisi
669 1482 765 1524 huic
787 1483 890 1533 urbi,
915 1483 994 1524 nisi
1022 1483 1100 1524 diis
1126 1484 1358 1539 penatibus,
1387 1485 1464 1526 nisi
1486 1486 1570 1526 aris
1597 1492 1641 1528 et

38 1547 142 1587 focis
185 1547 369 1588 omnium
412 1552 615 1597 nostrum,
660 1547 739 1588 nisi
782 1548 959 1603 denique
999 1552 1176 1589 naturae
1211 1555 1254 1590 et
1295 1549 1545 1592 humanitati
1578 1551 1639 1592 in-

38 1617 188 1652 ventus
218 1617 330 1653 esset
359 1611 564 1654 inimicus.
628 1612 668 1652 A
702 1627 783 1667 quo
816 1612 1018 1654 admoniti
1050 1613 1292 1668 diligentius
1323 1621 1366 1656 et
1397 1615 1640 1670 vigilantius

37 1691 254 1718 caveamus
277 1677 525 1718 Antonium.

96 1741 151 1783 V.
176 1742 345 1783 Etenim
360 1742 578 1783 Dolabella
593 1757 674 1783 non
690 1742 751 1784 ita
767 1742 922 1784 multos
939 1758 1079 1785 seeum
1096 1744 1244 1786 habuit
1257 1750 1381 1786 notos
1395 1751 1439 1787 et
1453 1746 1638 1801 insignes

35 1809 233 1849 latrones.
267 1807 331 1849 At
346 1807 497 1849 videtis
519 1822 624 1863 quos
638 1813 682 1849 et
696 1822 821 1863 quam
842 1809 997 1849 multos
1012 1809 1166 1850 habeat
1185 1810 1413 1851 Antonius.
1447 1811 1636 1853 Primum

39 1873 213 1914 Lucium
234 1873 422 1913 fratrem.
475 1873 610 1925 Quam
631 1873 778 1923 facem,
799 1873 853 1913 dii
875 1873 1130 1916 immortales
1148 1878 1156 1916 ἔ
1183 1876 1294 1930 quod
1310 1876 1497 1917 facinus!
1524 1878 1636 1931 quod

35 1938 170 1979 scelus
188 1941 196 1978 ἰ
230 1952 352 1992 quem
374 1938 585 1993 gurgitem
605 1939 612 1977 !
647 1952 772 1993 quam
792 1939 1031 1994 voraginem
1054 1943 1061 1980 ἔ
1113 1940 1223 1992 Quid
1244 1954 1339 1981 eum
1360 1955 1443 1981 non
1465 1943 1635 1983 sorbere

34 2001 185 2053 animo,
217 2001 315 2057 quid
345 2016 429 2042 non
457 2002 623 2043 haurire
648 2003 918 2058 cogitatione,
945 2004 1086 2058 [eujus
1107 2005 1353 2060 sanguinem
1380 2020 1463 2046 non
1491 2006 1634 2049 bibere

853 2128 968 2158 Tullia.
1015 2128 1103 2159 Even
1119 2129 1199 2158 after
1215 2129 1269 2158 the
1285 2129 1462 2167 separation
1479 2130 1515 2159 of
1533 2130 1630 2159 Dola-

854 2171 936 2201 bella
965 2171 1045 2201 srom
1073 2172 1186 2207 Tullia,
1214 2172 1322 2201 Cicero
1349 2172 1410 2201 und
1439 2172 1486 2201 his
1514 2173 1630 2201 former

853 2214 1035 2244 son-in-law
1053 2225 1131 2244 were
1155 2214 1236 2251 good
1265 2214 1392 2248 friends,
1410 2215 1464 2244 the
1480 2215 1628 2245 evidence

852 2257 888 2286 of
900 2257 1000 2286 which
1024 2257 1048 2286 is
1066 2257 1119 2286 the
1143 2257 1236 2286 letter
1262 2261 1295 2286 to
1321 2257 1485 2287 Dolabella
1502 2258 1628 2296 (Cicero

854 2299 1038 2329 Dolabellae
1065 2310 1127 2329 cos.
1153 2310 1210 2329 suo
1237 2310 1261 2329 9.
1294 2300 1343 2329 Ad
1370 2301 1436 2330 Att.
1465 2301 1527 2330 xiv.
1560 2302 1624 2338 17).

852 2343 924 2372 And
942 2343 1052 2373 Cicero
1071 2343 1141 2372 tells
1162 2353 1198 2372 us
1222 2342 1291 2372 that
1311 2353 1390 2372 even
1407 2353 1486 2377 now,
1504 2343 1625 2381 though

79 2131 134 2169 qui
153 2131 288 2169 suscipit
309 2131 343 2160 in
365 2139 398 2160 se
421 2129 538 2169 scelus]
586 2129 663 2160 This
688 2130 714 2160 is
738 2129 808 2159 Pla-

34 2173 131 2209 tonic,
149 2184 218 2213 says
236 2173 394 2208 Muretus,
411 2183 444 2202 as
459 2183 504 2202 wc
521 2182 571 2202 see
594 2173 619 2202 it
641 2172 808 2211 expressed

35 2216 67 2245 in
83 2216 138 2246 the
155 2216 287 2254 Gorgias
301 2229 307 2246 :
335 2221 342 2233 ⁴
358 2216 391 2246 If
412 2216 427 2245 Ι
451 2215 564 2245 should
584 2215 623 2244 be
639 2215 739 2244 under
754 2215 808 2244 the

34 2259 189 2299 necessity
205 2260 240 2289 of
253 2259 349 2298 doing
364 2269 471 2297 wrong
487 2269 522 2288 or
538 2258 632 2297 being
648 2258 805 2295 wronged,

35 2301 50 2331 I
69 2302 181 2332 should
197 2302 302 2332 rather
318 2302 433 2331 choose.
449 2305 482 2331 to
506 2301 544 2331 be
560 2301 707 2339 wronged
730 2301 808 2330 than

34 2348 69 2374 to
84 2344 124 2374 do
147 2345 276 2384 wrong!
324 2345 388 2375 But
414 2344 551 2375 Cicero’s
578 2344 757 2383 expression
782 2343 808 2372 is

34 2390 92 2417 not
107 2388 195 2427 quite
210 2388 264 2418 the
288 2390 438 2419 same—⁴
453 2388 478 2417 is
494 2387 547 2427 qui
562 2387 581 2416 :'
609 2387 649 2423 D,
668 2389 675 2402 ‘
690 2387 714 2416 si
732 2386 785 2425 qni
800 2386 807 2399 ’

35 2430 70 2460 P.
100 2430 140 2460 R.
167 2431 351 2467 Muellerus,
378 2430 494 2470 quoted
526 2430 566 2469 by
598 2430 715 2466 Halm;
747 2429 808 2459 and

36 2473 132 2502 Halm
150 2473 237 2503 takes
253 2475 287 2503 it.
334 2473 363 2502 V
380 2473 435 2503 has
453 2477 459 2490 ‘
474 2473 498 2503 si
515 2472 571 2502 ui.'

79 2517 111 2545 in
131 2517 244 2554 patria
261 2516 443 2555 liberanda]
494 2516 530 2545 In
558 2516 613 2545 the
637 2518 752 2545 matter
775 2515 812 2544 of

35 2557 179 2588 Caesar’s
194 2559 427 2588 assassination.
461 2558 638 2588 Trebonius
651 2558 726 2597 kept
740 2558 805 2587 An-

34 2601 139 2631 tonius
165 2601 197 2630 in
229 2601 295 2630 talk
325 2604 357 2631 at
381 2601 435 2630 the
461 2601 539 2631 door
563 2601 598 2630 of
621 2601 676 2631 the
700 2601 805 2635 Curia,

35 2644 127 2673 while
144 2643 191 2673 his
214 2643 315 2673 fellow
331 2644 541 2682 conspirators
558 2654 637 2674 were
657 2643 805 2683 stnbbing

35 2686 301 2726 Cacsar(1ntrod.
319 2697 347 2726 p.
366 2686 455 2725 447).

78 2739 117 2759 ne
144 2730 182 2758 ab
208 2730 336 2758 inimico
355 2752 361 2758 .
381 2751 388 2758 .
407 2751 414 2758 .
431 2729 624 2769 verecundo]
674 2729 725 2758 Ile
750 2729 807 2758 has

35 2772 111 2802 used
128 2772 191 2802 this
207 2772 372 2801 rhetorical
388 2775 460 2801 turn
478 2772 594 2807 before,
607 2771 667 2801 und
681 2772 807 2810 applied

34 2815 61 2845 it
75 2819 108 2844 to
126 2815 346 2845 Antonius—⁴
361 2825 448 2844 meus
462 2815 481 2844 :¹
508 2815 545 2844 ho
568 2825 630 2844 was
654 2825 732 2845 once
753 2815 805 2844 Ci-

35 2857 136 2888 cero's
165 2857 357 2887 son-in-law.
414 2858 444 2887 It
474 2858 499 2886 is
530 2857 638 2896 hardly
669 2857 807 2897 possible

34 2901 106 2930 that.
132 2901 240 2930 Cicero
271 2900 384 2930 should
414 2903 470 2930 not
500 2901 579 2930 have
609 2901 722 2930 known
753 2900 806 2930 the

38 2943 139 2973 man's
163 2944 322 2974 character
349 2943 454 2974 before
480 2943 529 2974 his
555 2943 707 2983 marriage
730 2943 806 2973 with

97 3000 192 3027 VOL.
217 3001 275 3026 lV.

853 2385 901 2414 his
917 2386 999 2415 vices
1015 2395 1094 2415 were
1109 2386 1184 2415 such
1201 2386 1271 2415 that
1286 2385 1359 2425 they
1377 2386 1467 2416 could
1492 2391 1547 2416 not
1570 2387 1624 2417 dc-

853 2428 956 2467 cently
988 2428 1027 2458 be
1057 2429 1248 2463 mentioned,
1281 2428 1320 2458 he
1346 2429 1458 2459 should
1489 2430 1625 2469 perhaps

853 2475 909 2501 not
924 2471 1002 2500 have
1018 2471 1201 2501 withdrnwn
1218 2471 1265 2501 his
1286 2472 1444 2506 affection,
1460 2472 1487 2502 if
1507 2473 1545 2502 he
1562 2473 1623 2503 hud

852 2518 908 2543 not
931 2514 1060 2544 become
1084 2525 1123 2544 nn
1154 2525 1265 2554 enemy
1293 2518 1326 2544 to
1353 2515 1490 2545 Cieero's
1521 2521 1621 2555 party.

851 2557 928 2587 This
943 2557 969 2586 is
985 2567 1003 2586 a
1018 2557 1100 2587 clear
1115 2558 1283 2587 admission
1300 2558 1371 2587 that
1392 2558 1430 2588 he
1451 2559 1541 2588 enred
1567 2564 1623 2588 not

851 2600 934 2629 what
950 2600 1004 2629 tho
1021 2611 1093 2630 man
1106 2611 1182 2636 was,
1199 2601 1225 2630 if
1243 2601 1282 2630 he
1298 2601 1357 2630 had
1371 2601 1443 2640 only
1462 2602 1537 2641 kept
1553 2606 1623 2631 true

850 2646 882 2673 to
899 2643 952 2673 the
968 2643 1082 2673 faction
1093 2644 1127 2673 of
1141 2644 1195 2673 the
1211 2644 1487 2682 conspirut‹›1-s.—‘
1500 2645 1589 2674 nobis
1601 2644 1621 2674 :’

854 2686 959 2720 Halm.
990 2686 1052 2716 and
1082 2687 1106 2717 it
1133 2687 1158 2716 is
1183 2687 1237 2717 the
1260 2687 1345 2723 right
1369 2687 1463 2717 word.
1511 2687 1536 2715 V
1567 2688 1622 2717 hus

852 2733 859 2746 ⁴
874 2728 964 2758 bonis
977 2729 995 2765 3'
1013 2728 1069 2759 but
1086 2733 1092 2745 ⁴
1105 2729 1196 2759 bonis
1210 2729 1217 2742 '
1235 2729 1296 2759 and
1311 2734 1317 2745 ¹
1333 2729 1423 2759 nobis
1436 2729 1442 2741 '
1455 2741 1507 2759 ure
1520 2740 1620 2759 sorne-

851 2772 944 2802 times
961 2772 1170 2802 eonfoumled.
1218 2773 1247 2801 l)
1265 2773 1320 2801 has
1338 2773 1468 2802 ‘vobim'

893 2817 923 2844 5.
948 2825 1009 2844 mm
1027 2816 1071 2845 ila
1088 2815 1220 2854 multos]
1257 2816 1315 2844 See
1332 2815 1420 2844 Verr.
1438 2816 1468 2844 ii.
1492 2816 1515 2845 Ι.
1528 2825 1553 2843 e.
1573 2816 1620 2844 lu.

897 2857 1004 2896 [cnjus
1032 2860 1217 2897 sanquinem
1234 2880 1344 2887 .....
1359 2858 1506 2895 cem-elis]
1522 2859 1537 2886 .’
1569 2857 1617 2895 in]

850 2900 994 2931 Omitted
1024 2900 1064 2941 by
1095 2901 1190 2931 V.-—‘
1205 2900 1412 2931 Censorinum
1428 2900 1446 2928 :'
1486 2900 1624 2928 Man-cius

850 2943 1054 2975 Censorinus.
1102 2944 1153 2974 lle
1175 2944 1201 2974 is
1223 2942 1403 2973 mentioued
1425 2942 1515 2981 again
1544 2942 1623 2972 Phil.

1333 2989 1395 3024 'rt
