1816 3211
719 187 852 231 OAP.
884 190 923 239 3,
946 189 986 229 4.
1568 191 1648 231 589

57 303 184 344 verba
215 301 469 344 audientur?
530 302 619 343 Nec
651 302 760 344 enim
787 302 947 343 secerni
971 316 996 343 a
1025 301 1155 344 fratre
1187 301 1347 358 poterit
1376 306 1499 344 tanta
1530 316 1650 357 prae-

56 368 201 409 sertim
230 367 510 416 auctoritate;
547 382 643 408 nam
671 367 739 409 hic
775 368 886 409 inter
914 367 1005 408 illos
1027 367 1255 408 Africanus
1283 373 1377 415 est;
1413 367 1543 423 pluris
1578 367 1650 408 ha-

21 438 23 440 ’
57 436 179 475 betur
201 449 325 489 quam
349 433 398 475 L,
423 433 665 484 Trebellius,
690 433 819 489 pluris
841 448 963 488 quam
987 433 1035 474 T.
1057 433 1242 474 Plancus
1266 434 1289 458 *
1314 434 1337 458 *
1362 434 1386 458 *
1408 433 1650 474 adolescens

55 500 216 541 nobilis.
280 499 497 548 Plancum,
528 499 596 554 qui
632 498 823 539 omnibus
856 499 1077 539 sententiis
1112 498 1295 539 maximo
1328 503 1468 539 vestro
1502 497 1650 552 plausu

58 565 361 606 condemnatus
401 564 542 604 nescio
583 564 793 618 quomodo
829 578 874 604 se
912 563 1094 617 conjecit
1130 563 1171 603 in
1208 564 1388 613 turbam,
1423 568 1550 618 atque
1590 563 1651 603 ita

56 635 243 671 maestus
265 629 388 669 rediit
419 634 467 669 ut
495 633 718 678 retractus,
744 643 826 669 non
854 643 1045 670 reversus
1066 629 1288 679 videretur,
1312 628 1372 669 sic
1403 628 1648 676 contemnit,

57 698 272 748 tamquam
304 693 339 733 si
372 692 429 732 illi
456 707 564 747 aqua
595 698 639 734 et
666 693 751 748 igni
784 693 1055 735 interdictum
1082 694 1163 741 sit;
1199 694 1421 749 aliquando
1452 699 1578 748 negat
1612 693 1650 735 ei

58 759 197 801 locum
225 773 316 799 esse
345 764 541 813 oportere
563 758 605 798 in
627 758 742 799 curia
763 759 833 813 qui
861 758 1092 799 incenderit
1114 759 1285 800 curiam.
1349 759 1460 800 Nam
1483 759 1650 800 Trebel-

58 825 161 866 lium
181 824 298 864 valde
315 823 403 878 jam
425 823 588 878 diligit3
622 824 772 865 oderat
793 828 896 872 tum,
920 838 1046 878 quum
1075 823 1143 864 ille
1172 823 1329 865 tabulis
1358 824 1477 865 novis
1507 825 1650 865 adver-

58 890 258 931 sabatur:
286 889 374 944 jam
402 888 483 929 fert
511 888 553 928 in
575 888 717 940 oculis,
742 894 966 944 postquam
993 888 1128 943 ipsum
1152 887 1407 929 Trebellium
1429 889 1531 930 vidit
1562 889 1650 930 sine

61 955 217 997 tabulis
238 954 357 995 novis
378 954 536 995 salvum
565 968 656 995 esse
687 969 770 995 non
800 968 939 1009 posse.
1002 953 1188 995 Audisse
1219 954 1329 994 enim
1350 969 1424 995 vos
1454 953 1648 1004 arbitror,

64 1020 263 1073 Quirites,
286 1020 397 1074 quod
424 1019 553 1060 etiam
573 1019 713 1060 videre
738 1018 948 1075 potuistis,
973 1019 1160 1074 quotidie
1191 1033 1415 1074 sponsores
1446 1024 1490 1060 et
1519 1020 1651 1060 credi-

58 1090 174 1127 tores
198 1085 246 1127 L.
271 1084 467 1125 Trebellii
489 1084 722 1126 convenire.
785 1084 821 1125 O
843 1084 947 1125 fides
965 1084 1116 1125 l—hoc
1139 1084 1249 1124 enim
1270 1090 1374 1139 puto
1397 1084 1653 1126 Trebellium

59 1151 289 1205 sumpsisse
310 1165 708 1205 cognomen—quae
729 1155 872 1205 potest
892 1164 983 1191 esse
1004 1150 1138 1204 major
1165 1149 1273 1190 fides
1304 1164 1428 1204 quam
1457 1150 1652 1192 fraudare

62 1215 304 1265 creditores,
321 1216 444 1256 domo
465 1216 699 1270 profugere,
718 1221 892 1270 propter
912 1229 984 1256 aes
1004 1214 1184 1255 alienum
1206 1214 1266 1255 ire
1287 1215 1340 1255 ad
1359 1216 1503 1256 arma?
1564 1216 1652 1256 Ubi

58 1281 229 1336 plausus
269 1280 335 1321 ille
376 1281 417 1321 in
457 1280 669 1334 triumpho
710 1285 787 1329 est,
821 1294 945 1335 saepe
985 1279 1120 1320 ludis?
1171 1279 1241 1320 ubi
1282 1279 1473 1321 aedilitas
1513 1281 1652 1322 delata.

61 1360 223 1387 summo
251 1345 391 1386 studio
419 1345 648 1386 bonorum?
710 1345 812 1397 Quis
845 1352 911 1386 est
946 1345 1014 1400 qui
1043 1345 1153 1385 hunc
1180 1359 1264 1385 non
1301 1360 1403 1386 casu
1438 1345 1652 1387 existimet

61 1416 179 1452 recte
212 1410 384 1451 fecisse?
447 1409 669 1465 [Nequitia
697 1415 761 1451 est
790 1409 981 1465 scelere]
1048 1409 1104 1450 V.
1138 1409 1222 1450 Sed
1250 1410 1375 1450 redeo
1403 1410 1456 1450 ad
1488 1426 1653 1452 amores

62 1475 314 1530 deliciasque
347 1480 519 1525 vestras,
557 1475 605 1516 L.
630 1475 878 1525 Antonium,
912 1475 982 1530 qui
1016 1490 1089 1516 vos
1123 1489 1268 1516 omnes
1299 1475 1340 1515 in
1376 1475 1502 1515 fidem
1533 1491 1653 1517 suam

60 1541 234 1596 recepit.
296 1540 474 1595 Negatis
488 1542 501 1582 ἓ

61 1606 243 1647 habeat?
304 1605 430 1647 Certe
464 1620 599 1646 nemo.

61 1676 284 1726 patronum
312 1671 584 1726 adoptarunt.

562 1540 674 1580 Num
715 1540 904 1595 quisnam
947 1546 1012 1581 est
1044 1546 1230 1581 vestrum
1263 1542 1331 1595 qui
1371 1541 1529 1582 tribum
1569 1556 1653 1582 non

662 1606 797 1660 Atqui
838 1605 951 1646 illum
993 1606 1173 1660 quinque
1214 1611 1257 1647 et
1297 1606 1474 1661 triginta
1515 1607 1653 1649 tribus

645 1670 810 1712 Rursus
837 1671 1106 1712 reclamatis?

1166 1670 1359 1726 Aspicite
1395 1672 1507 1713 illam
1539 1688 1564 1714 a
1599 1673 1653 1714 si-

60 1736 196 1778 nistra
225 1741 464 1792 equestrem
495 1740 680 1779 statuam
708 1736 956 1787 inauratam,
980 1736 1022 1776 in
1050 1751 1132 1792 qua
1160 1736 1259 1792 quid
1287 1737 1534 1792 inscriptum
1562 1739 1654 1780 est?

63 1858 138 1889 calls
165 1859 202 1889 L.
230 1859 390 1890 Antonius
421 1859 518 1900 (Phil.
538 1870 568 1889 v.
591 1869 617 1890 c.
634 1858 839 1900 7).—-‘tanta

91 1923 99 1931 .
117 1924 125 1932 .
150 1903 370 1934 auctoritate:y
405 1903 570 1943 especially
597 1912 630 1933 as
656 1903 733 1942 they
758 1903 838 1932 have

63 1944 141 1974 such
155 1955 174 1975 a
189 1946 264 1985 high
280 1947 410 1985 opinion
431 1947 464 1976 of
484 1947 548 1976 him
564 1958 572 1983 3
595 1946 643 1976 sor
657 1946 698 1976 he
713 1946 740 1976 is
756 1945 839 1976 their

66 1986 170 2026 Scipio
186 1989 361 2019 Africanus.

111 2031 146 2060 T.
161 2031 320 2070 Plancus]
346 2031 384 2061 T.
399 2031 563 2062 Manutius
580 2031 713 2061 Plancus
725 2031 837 2067 Bursa,

65 2072 121 2103 the
133 2072 262 2103 brother
271 2074 306 2103 of
314 2074 351 2104 L.
365 2074 509 2110 Plancus,
522 2075 633 2104 consul
645 2074 836 2113 designatus.

65 2116 158 2146 After
179 2116 234 2147 the
249 2117 332 2146 word
351 2117 483 2146 Plancus
506 2120 524 2133 “
539 2117 570 2147 in
587 2117 615 2146 V
632 2127 714 2146 unus
730 2127 838 2147 versus

66 2159 99 2189 in
111 2169 217 2189 rasura
227 2160 362 2199 scriptus
372 2159 456 2195 est‚‘’
470 2161 527 2190 &c.
551 2159 654 2189 There
670 2160 696 2189 is
711 2170 729 2189 a
745 2169 838 2189 name

67 2202 199 2232 omitted
228 2203 391 2242 probably.
439 2202 578 2232 Faernus
605 2202 689 2232 filled
715 2212 757 2241 up
784 2202 838 2231 the

67 2244 141 2275 hole
167 2245 242 2275 with
267 2246 321 2275 the
346 2255 438 2275 name
469 2244 636 2275 ‘Exitius’
662 2246 728 2283 (see
757 2245 837 2274 Phil.

67 2288 132 2318 xiii.
150 2298 176 2317 c.
200 2288 261 2328 13).
307 2288 344 2318 Τ.
364 2288 498 2318 Plancus
521 2298 582 2317 was
607 2298 647 2317 an
667 2297 779 2326 enemy
807 2287 843 2317 of

67 2331 176 2361 Cicero
192 2331 222 2360 111
246 2331 299 2361 the
315 2331 391 2361 time
407 2331 443 2360 of
465 2330 574 2360 Milo's
590 2330 740 2360 troubles.
789 2330 839 2360 He

65 2384 128 2404 was
144 2374 223 2403 tried
241 2374 302 2404 and
319 2374 478 2404 convicted
496 2373 544 2403 for
566 2373 678 2412 urging
694 2373 748 2403 the
764 2383 839 2412 peo-

65 2417 118 2456 plc
134 2421 168 2447 to
184 2417 264 2446 burn
281 2417 335 2447 the
351 2417 455 2447 Curia.
487 2417 601 2447 Caesar
617 2416 756 2446 restored
774 2416 838 2445 him

66 2460 98 2490 in
114 2460 169 2490 the
184 2458 355 2499 beginning
370 2459 406 2489 of
418 2460 472 2489 the
488 2459 568 2490 Civil
587 2459 672 2489 War.

109 2512 142 2533 se
157 2503 291 2542 conjecit
303 2504 334 2532 in
347 2502 490 2541 lnrbmn]
519 2505 538 2519 “
555 2503 687 2532 Romam
704 2501 838 2532 redeun-

67 2545 146 2576 tium
165 2546 281 2576 victore
297 2545 430 2576 Caesare
443 2544 462 2558 ’'
480 2545 689 2585 (Manutius).

111 2589 230 2619 tabulis
259 2588 363 2628 noris]
413 2588 472 2618 See
508 2587 628 2617 Introd.
658 2598 688 2626 p.
721 2589 839 2617 450.—

66 2634 252 2671 ‘sponsores
268 2636 300 2661 et
321 2630 520 2661 creditores:’
544 2630 729 2660 Trebellius'
751 2640 838 2660 sure-

55 2675 126 2704 ,1105
153 2676 176 2713 (‘
189 2684 355 2714 sponsores
371 2674 394 2712 ’)
418 2673 479 2703 and
496 2673 645 2703 crediturs
662 2683 740 2703 were
755 2673 837 2712 daily

66 2718 205 2756 meeting
220 2717 316 2746 about
334 2717 381 2746 his
397 2717 499 2746 dcbts.

117 2761 234 2800 Ofides
245 2761 363 2790 .'—lmc
392 2759 490 2798 enim]
526 2763 533 2776 ‘
548 2759 577 2788 Ο
590 2758 748 2798 honesty,’
766 2769 838 2798 says

68 2803 188 2838 Cicero,
206 2803 339 2842 honesty
356 2803 386 2832 in
406 2803 521 2841 paying
537 2801 627 2831 dcbts
652 2802 691 2832 110
719 2812 836 2838 means,

69 2849 77 2863 ⁴
93 2846 176 2876 what
191 2847 216 2876 is
233 2851 353 2883 greater
378 2845 473 2885 proot'
493 2845 528 2874 of
551 2845 683 2884 honesty
707 2845 783 2874 than
806 2851 838 2875 to

69 2889 160 2919 cheat
175 2889 264 2919 one's
280 2889 430 2919 creditors
444 2887 463 2917 !'
509 2887 684 2918 Trebellius
700 2888 769 2918 first
790 2898 837 2918 re-

69 2932 165 2962 5151οἀ
184 2932 239 2963 the
267 2936 274 2949 ⁴
288 2931 414 2962 tabulae
441 2930 561 2970 novae‚'
579 2941 614 2961 01
630 2931 776 2971 proposal
792 2931 840 2962 sor

882 1868 901 1888 a
924 1859 1107 1890 settlement
1137 1858 1174 1889 of
1201 1858 1292 1889 debts
1319 1861 1351 1889 at
1377 1859 1432 1890 the
1462 1870 1598 1900 expense
1622 1860 1659 1891 of

879 1902 1041 1933 creditors.
1088 1901 1198 1932 Cicero
1219 1902 1295 1932 calls
1319 1903 1384 1932 him
1403 1903 1498 1941 (Phil.
1520 1904 1583 1933 xiii.
1601 1904 1653 1943 12)

881 1947 900 1962 “
915 1945 986 1975 fidei
997 1950 1160 1985 patronus,
1172 1946 1333 1976 fraudator
1343 1946 1568 1977 creditorum.''
1596 1947 1655 1977 llis

879 1998 1055 2027 cognomen
1071 1989 1096 2018 is
1113 1989 1251 2019 Cicero's
1266 1989 1439 2019 invention.
1486 1990 1536 2020 He
1552 1990 1655 2020 would

879 2031 938 2061 call
963 2031 1028 2061 him
1057 2031 1115 2061 ⁴1..
1132 2031 1310 2062 Trebellius
1328 2031 1443 2062 Fides!
1488 2033 1656 2063 Manutius

880 2084 950 2113 says
967 2074 998 2103 in
1022 2074 1071 2104 his
1094 2079 1169 2104 note
1193 2078 1215 2091 ‘⁴
1228 2085 1402 2113 cognomen
1420 2075 1478 2105 hoc
1499 2086 1655 2116 nusquam

880 2116 1097 2146 nominatur.''
1145 2117 1159 2146 I
1177 2117 1289 2147 should
1306 2118 1397 2147 think
1415 2128 1459 2148 so.

924 2161 957 2188 in
974 2160 1154 2199 triumpho]
1203 2160 1378 2190 Trebellius
1402 2160 1462 2190 had
1480 2164 1537 2190 not
1560 2161 1620 2190 had
1637 2171 1656 2191 a

879 2202 1031 2241 triumph.
1079 2203 1143 2232 But
1173 2202 1212 2232 he
1237 2212 1307 2241 may
1339 2203 1416 2232 have
1447 2203 1590 2234 followed
1622 2205 1655 2234 iu

880 2255 968 2275 some
985 2244 1086 2274 man's
1111 2245 1283 2284 triumphal
1304 2246 1385 2275 train
1413 2246 1474 2276 and
1502 2246 1582 2276 been
1598 2257 1655 2286 ap-

881 2287 1027 2327 plauded,
1044 2297 1078 2317 as
1095 2287 1260 2317 Manutius
1277 2298 1358 2327 says.

929 2330 1103 2369 [Nequitia
1127 2333 1172 2360 est
1196 2331 1348 2371 scelere]]
1369 2331 1408 2361 V.
1447 2331 1582 2362 various
1607 2335 1655 2362 at-

881 2376 999 2412 tempts
1029 2373 1107 2403 have
1136 2373 1213 2403 been
1245 2374 1336 2404 made
1366 2378 1399 2404 to
1429 2380 1549 2405 correct
1580 2376 1654 2406 this.

883 2416 1021 2445 Faernus
1059 2416 1215 2456 proposed
1267 2420 1275 2433 ·
1293 2418 1434 2457 nequitia
1467 2419 1618 2449 excellere
1635 2418 1654 2448 z'

884 2458 978 2488 Halm
996 2459 1069 2489 has‘
1085 2460 1224 2499 nequitia
1240 2460 1393 2497 sceleste,'
1408 2461 1462 2491 the
1474 2461 1574 2492 feeblc
1587 2472 1655 2492 cor-

881 2502 1000 2531 rection
1026 2501 1061 2531 of
1081 2502 1274 2542 Nipperdey.
1319 2503 1466 2534 Muretus
1491 2515 1572 2544 says,
1591 2505 1655 2535 “in

881 2549 985 2575 vetere
1005 2544 1084 2574 libro
1102 2549 1173 2585 post
1189 2556 1297 2576 vocem
1312 2548 1430 2577 scelere
1446 2557 1541 2587 parva
1559 2558 1654 2588 quae-

880 2587 951 2617 dam
969 2587 1080 2617 lacuna
1095 2587 1178 2618 est.”

923 2632 953 2660 5.
979 2632 1011 2660 in
1027 2631 1129 2671 fidem
1148 2654 1155 2661 .
1176 2655 1182 2661 .
1202 2654 1209 2661 .
1227 2633 1364 2673 recepit]
1413 2633 1470 2663 has
1494 2633 1588 2663 taken
1613 2634 1654 2663 all

880 2673 916 2703 of
935 2683 996 2713 you
1013 2674 1112 2704 under
1128 2675 1176 2704 his
1192 2676 1379 2714 protection.
1427 2680 1446 2693 ‘⁴
1459 2676 1574 2706 Caesar
1597 2677 1654 2705 ho-

880 2717 964 2746 noris
982 2717 1126 2747 Divitiuci
1143 2723 1238 2757 atquc
1255 2719 1436 2749 Aeduorum
1459 2729 1567 2748 caussa
1587 2730 1655 2748 5050

879 2769 932 2790 eos
949 2760 980 2789 in
1007 2760 1099 2789 fldem
1124 2767 1323 2800 recepturum
1341 2766 1373 2792 et
1398 2768 1653 2791 emiservuturum

879 2802 991 2832 ‹lixit’'
1019 2803 1071 2842 (B.
1096 2804 1134 2833 G.
1153 2804 1183 2833 ii.
1201 2814 1227 2833 (⁸.
1249 2804 1313 2843 15).
1360 2805 1470 2834 Cicero
1494 2815 1563 2842 says
1589 2804 1653 2842 (Ad

882 2846 955 2875 Div.
973 2846 1036 2875 xiii.
1059 2847 1110 2881 16)
1129 2851 1147 2863 “
1160 2846 1273 2885 dignus
1290 2858 1381 2886 quem
1401 2848 1432 2876 in
1451 2847 1542 2876 tidem
1559 2852 1655 2885 atqu--

880 2889 1049 2918 amicitiam
1075 2899 1175 2919 meam
1198 2890 1458 2929 rcciperem.''—¹
1473 2888 1652 2929 quisnamz'

884 2931 990 2969 llalm,
1007 2932 1129 2963 instead
1145 2932 1182 2963 of
1195 2936 1202 2949 ⁸
1214 2933 1394 2972 quispiam?
