1816 3211
700 188 832 231 CAP.
866 190 988 230 6—8.
1558 197 1639 235 485

47 300 209 356 quidem
229 300 398 342 Clodius
420 301 527 342 dixit
547 317 755 357 umquam,
776 317 908 357 quem,
928 302 1024 357 quia
1040 303 1135 357 jure
1159 303 1195 343 ei
1218 303 1408 345 inimicus
1429 304 1500 354 fui,
1521 306 1640 346 doleo

46 381 71 406 a
92 370 134 406 te
151 366 341 406 omnibus
358 366 468 406 vitiis
485 381 574 407 esse
596 372 852 422 superatum.
916 367 995 418 Qui
1012 373 1153 408 autem
1176 368 1253 409 tibi
1271 369 1384 409 venit
1401 369 1442 409 in
1461 375 1642 410 mentem

3 446 4 449 ¹
46 431 233 484 redigere
254 430 294 470 in
317 431 557 471 memoriam
589 438 774 472 nostram
797 438 839 472 te
861 432 971 472 domi
997 432 1045 472 P.
1072 432 1238 473 Lentuli
1270 448 1359 473 esse
1388 435 1641 475 educatum?

47 495 118 534 An
139 496 336 535 verebare
366 510 416 535 ne
448 510 530 535 non
559 501 804 550 putaremus
834 502 985 537 natura
1005 502 1049 538 te
1071 498 1258 552 potuisse
1292 504 1379 538 tam
1408 498 1642 553 improbum

46 559 233 609 evadere,
258 560 335 600 nisi
356 561 603 601 accessisset
625 561 752 601 etiam
773 561 1019 616 disciplina?
1082 562 1215 603 VIII.
1249 562 1354 602 Tam
1384 569 1525 603 autem
1549 579 1641 605 eras

45 629 260 666 excorsut
283 630 376 665 tota
397 624 437 663 in
460 624 648 664 oratione
677 630 750 666 tua
781 631 921 666 tecum
944 626 1033 681 ipse
1066 641 1285 681 pugnares,
1309 642 1392 667 non
1413 628 1536 668 modo
1558 643 1642 669 non

46 688 311 729 cohaerentia
331 688 442 729 inter
464 703 508 729 se
529 689 701 737 diceres,
721 690 794 730 sed
816 690 996 730 maxime
1029 691 1240 745 disjuncta
1261 697 1387 747 atque
1416 694 1639 742 contraria,

44 758 93 794 ut
114 768 197 794 non
219 758 340 794 tanta
362 768 524 793 mecum
548 759 705 808 quanta
729 754 802 795 tibi
826 754 976 795 tecum'
993 761 1106 796 esset
1137 757 1367 798 contentio.
1431 757 1641 798 vitricum

44 823 164 859 tuum
200 818 326 858 fuisse
356 817 397 857 in
429 822 550 858 tanto
583 818 740 859 scelere
773 819 973 867 fatebare,
1011 835 1146 875 poena
1180 821 1376 861 affectum
1402 823 1640 876 querebare.

48 882 116 923 Ita
137 883 246 936 quod
265 882 431 937 proprie
452 897 589 922 meum
611 888 677 924 est
698 883 877 924 lauda-sti
896 902 906 929 ;
942 885 1053 939 quod
1067 890 1203 926 totum
1226 890 1289 926 est
1312 896 1482 926 senatus
1504 901 1642 940 repre-

44 947 251 993 hendisti;
302 961 398 986 nam
431 947 744 1001 comprehensio
778 948 962 988 sontium
997 964 1099 998 mea,
1134 949 1437 990 animadversio
1470 957 1642 991 senatus

43 1011 134 1052 fuit.
198 1011 338 1051 Homo
373 1011 556 1052 disertus
587 1026 670 1052 non
700 1012 896 1066 intelligit
929 1028 1023 1053 eum
1045 1028 1168 1067 quem
1190 1019 1338 1055 contra
1359 1014 1462 1055 dicit
1483 1014 1642 1055 laudari

43 1093 69 1118 a
89 1092 159 1124 se;
195 1091 266 1117 eos
287 1077 397 1131 apud
421 1091 525 1131 quos
547 1076 648 1118 dicit
669 1077 907 1132 vituperari.
959 1078 1060 1118 Jam
1081 1079 1181 1119 illud
1204 1079 1323 1133 cujus
1345 1084 1423 1128 est,
1443 1094 1525 1120 non
1549 1080 1641 1120 dico

43 1141 255 1191 audaciae,
280 1141 395 1195 cupit
419 1141 530 1182 enim
550 1156 594 1181 se
615 1142 830 1192 audacem,
862 1143 948 1191 sed,
973 1143 1084 1197 quod
1104 1142 1270 1184 minime
1293 1144 1392 1192 vult,
1421 1144 1640 1193 stultitiae,

44 1220 126 1260 qua
155 1206 282 1246 vincit
314 1220 470 1256 omnes,
508 1206 601 1246 cli'vi
633 1206 855 1260 Capitolini
891 1207 1145 1248 mentionem
1178 1208 1327 1258 facere,
1367 1223 1494 1263 quum
1535 1209 1644 1249 inter

44 1270 240 1311 subsellia
270 1275 416 1311 nostra
436 1276 654 1311 versentur
681 1272 859 1312 armati?
889 1287 1016 1326 quum
1038 1272 1079 1311 in
1101 1273 1178 1313 hac
1200 1273 1302 1313 cella
1324 1273 1594 1322 Concordiae,
1619 1289 1642 1314 0

46 1336 102 1376 dii
124 1335 391 1383 immortales,
415 1335 457 1374 in
478 1349 559 1389 qua
580 1350 646 1375 me
669 1336 837 1376 consule
860 1336 1066 1376 salutares
1097 1337 1329 1377 sententiae
1359 1338 1498 1379 dictae
1529 1344 1641 1387 sunt,

46 1400 196 1455 quibus
217 1400 270 1439 ad
292 1399 400 1439 hanc
423 1399 534 1439 diem
555 1399 747 1448 viximus,
772 1415 866 1440 cum
886 1400 1036 1455 gladiis
1057 1401 1246 1441 homines
1278 1402 1469 1443 collocati
1500 1405 1643 1445 stent?

48 1466 218 1506 Accusa
243 1470 447 1514 senatum,
481 1479 631 1505 accusa
663 1471 899 1520 equestrem
928 1466 1127 1516 ordinem,
1151 1467 1221 1521 qui
1255 1472 1346 1508 tum
1376 1482 1470 1508 cum
1492 1476 1643 1510 senatu

46 1529 263 1585 copulatus
282 1529 374 1579 fuit,
398 1543 550 1569 accusa
572 1544 716 1570 onmes
747 1531 923 1580 ordines,
951 1545 1093 1571 omnes
1126 1531 1248 1581 cives,
1285 1532 1381 1572 dum
1416 1533 1643 1575 confiteare

44 1595 154 1636 hunc
177 1595 363 1636 ordinem
386 1594 462 1635 hoe
484 1594 574 1649 ipso
596 1599 784 1649 tempore
806 1596 858 1636 ab
884 1596 1064 1636 Ituraeis
1090 1595 1392 1636 circumsederi.
1451 1596 1572 1637 Haec
1596 1601 1643 1636 tu

43 1676 126 1701 non
149 1665 319 1715 propter
339 1659 557 1700 audaciam
579 1659 681 1700 dicis
702 1666 791 1700 tam
808 1660 1084 1715 impudenter,
1108 1661 1181 1701 sed
1203 1661 1299 1716 quia
1321 1666 1482 1702 tantam
1504 1676 1644 1702 rerum

44 1724 366 1781 repugnantiam
399 1739 483 1765 non
515 1724 668 1765 videas.
733 1724 846 1765 Nihil
881 1728 1071 1780 profecto
1105 1726 1228 1780 sapis.
1293 1726 1401 1778 Quid
1435 1732 1501 1767 est
1533 1727 1643 1767 enim

45 1790 278 1831 dementius
313 1803 449 1843 quam,
478 1803 603 1843 quum
625 1789 685 1830 rei
714 1790 901 1844 publicae
934 1790 1168 1846 perniciosa
1199 1805 1315 1830 arma
1348 1790 1435 1845 ipse
1469 1792 1640 1846 ceperis,

44 1855 226 1909 objicere
247 1853 368 1895 alteri
389 1853 613 1895 salutaria?
677 1854 740 1895 At
770 1855 898 1896 etiam
931 1856 1114 1911 quodam
1146 1856 1238 1897 loco
1269 1856 1429 1897 facetus
1460 1871 1552 1898 esse
1574 1873 1640 1899 vo-

44 1971 84 2005 2;
108 1968 245 1998 referred
265 1971 299 1998 to
314 1968 357 2007 by
372 1968 517 2009 Abrami)
536 1978 605 2008 says
626 1969 696 1999 that
718 1969 820 2000 Anto-

44 2011 126 2041 nius’
155 2011 268 2049 charge
298 2021 360 2040 was
387 2011 457 2040 that
485 2012 540 2041 the
570 2011 653 2051 body
678 2022 739 2042 was
765 2016 821 2042 not

44 2054 134 2093 given
147 2064 190 2092 up
206 2053 288 2082 until
303 2053 351 2082 his
367 2053 490 2082 mother
505 2055 667 2084 entreated
683 2054 822 2084 Cicero's

44 2096 132 2132 wife3
155 2096 216 2125 and
236 2095 382 2125 Plutarch
406 2095 482 2125 adds
506 2096 576 2125 that
602 2097 626 2126 it
648 2107 709 2127 was
734 2097 820 2133 false,

45 2149 80 2169 as
96 2149 187 2178 every
204 2138 287 2177 body
305 2138 405 2173 kneW‚
423 2138 470 2167 for
486 2148 568 2167 none
592 2139 628 2168 of
646 2139 737 2169 those
752 2140 822 2169 who

44 2192 125 2212 were
148 2185 206 2221 put
222 2185 255 2210 to
271 2181 364 2210 death
388 2189 468 2210 were
492 2180 640 2220 deprived
664 2181 702 2211 of
724 2182 821 2211 inter-

45 2228 144 2254 ment.

89 2276 191 2305 quem,
209 2266 282 2304 quia
297 2287 304 2294 .
318 2288 324 2294 .
340 2288 347 2294 .
360 2265 562 2304 superatum]
582 2265 621 2294 V.
634 2265 689 2295 has
706 2268 714 2282 ‘
728 2275 799 2295 eum
814 2266 820 2280 ’

45 2308 124 2339 after
151 2307 278 2343 ‘vitiis‚’
306 2308 368 2337 and
392 2308 431 2336 D.
456 2307 511 2336 has
539 2308 644 2345 ‘jamff
691 2310 820 2338 Stiiren-

45 2351 125 2389 burg
149 2360 298 2390 proposes
320 2353 354 2379 to
380 2350 466 2379 write
491 2350 559 2379 ‘cui
583 2350 656 2390 quia
669 2350 739 2389 jure
762 2351 821 2379 ini-

45 2394 145 2424 micus
169 2393 224 2428 fui,
241 2393 331 2422 doleo
351 2403 369 2422 a
393 2395 425 2422 te
445 2392 592 2422 omnibus
616 2393 700 2423 vitiis
725 2393 820 2430 eum,’

46 2439 103 2466 διο.
150 2436 214 2465 But
230 2445 271 2464 no
288 2435 408 2473 change
428 2435 454 2464 is
471 2445 646 2474 necessary.

89 2479 174 2508 domi
192 2479 231 2507 P.
249 2477 398 2516 Lentuli]
449 2477 506 2507 See
533 2477 571 2507 In
599 2478 667 2507 Cat.
686 2478 729 2507 iii.
746 2488 771 2509 c.
790 2480 820 2512 2.

44 2521 107 2551 and
137 2521 191 2550 the
222 2523 306 2549 note.
354 2520 499 2549 Plutarch
539 2519 674 2558 (Cicero,
706 2530 732 2550 e.
769 2520 819 2560 17)

45 2563 158 2602 speaks
179 2563 213 2592 of
227 2563 280 2592 the
304 2561 404 2591 man’s
427 2562 577 2591 dissolute
593 2562 655 2592 life.
707 2563 758 2593 He
773 2567 821 2593 set.

44 2606 204 2636 Antonius
220 2615 237 2634 a
253 2605 313 2634 bad
329 2604 480 2643 example.

89 2650 118 2678 8.
131 2649 232 2677 inlmc
245 2648 340 2683 cella]
390 2647 448 2677 See
466 2647 504 2676 In
522 2646 591 2677 Cat.
608 2647 651 2676 iii.
665 2657 691 2676 c.
706 2649 735 2683 3,
747 2647 818 2678 Vol.

44 2691 225 2721 iii.—‘cum
251 2693 361 2719 senatu
389 2689 551 2728 copulatus
566 2688 585 2718 :'
610 2699 660 2719 see
686 2690 724 2719 In
748 2691 817 2720 Cat.

43 2733 85 2763 iv.
103 2743 130 2763 c.
148 2735 186 2768 7:
213 2733 366 2772 “equites
395 2733 554 2761 Romanos
582 2754 589 2761 .
609 2755 616 2761 .
635 2755 642 2762 .
671 2743 749 2772 quos
779 2743 817 2763 ex

44 2776 216 2806 multorum
242 2785 396 2805 annorum
429 2774 623 2804 dissensione
647 2775 741 2813 hujus
770 2786 818 2805 or-

44 2818 125 2848 dinis
141 2818 180 2848 ad
200 2819 379 2848 societatem
407 2817 667 2856 concordiamque
693 2828 817 2848 revoca-

45 2864 97 2891 tus
128 2861 298 2891 hodiernus
329 2860 395 2889 dies
426 2859 586 2889 vobiscum
615 2864 709 2900 atque
743 2861 820 2891 haec

45 2913 154 2934 caussa
174 2902 426 2943 conjungit.''—‘
440 2902 556 2933 Ituraei
570 2902 589 2932 :'
614 2912 633 2933 a
655 2903 765 2943 people
787 2904 824 2934 of

864 1969 940 1999 Asia
960 1969 1102 1999 between
1119 1970 1174 2000 the
1190 1970 1260 2000 lake
1285 1971 1321 2001 of
1341 1971 1483 2002 Tiberias
1498 1972 1559 2002 and
1577 1973 1640 2002 Da-

865 2022 998 2042 mascus.
1022 2012 1111 2052 They
1127 2023 1207 2043 were
1222 2014 1358 2047 archers,
1374 2015 1435 2043 and
1452 2015 1571 2045 robbed
1587 2016 1642 2045 the

864 2055 984 2084 traders
1002 2054 1072 2084 who
1096 2056 1204 2093 passed
1230 2057 1368 2095 through
1391 2057 1473 2086 their
1497 2062 1641 2098 country.

866 2097 990 2126 Ituraea
1002 2107 1063 2126 was
1076 2097 1212 2136 brought
1223 2099 1322 2128 under
1340 2099 1463 2128 Roman
1479 2100 1641 2130 dominion

864 2139 904 2178 by
917 2140 975 2169 Cn.
992 2139 1169 2178 Pompeius.
1209 2140 1325 2170 Caesar
1337 2141 1397 2170 had
1416 2141 1532 2171 Ituraei
1549 2143 1580 2171 in
1592 2143 1641 2172 his

864 2192 951 2220 army
968 2182 999 2210 in
1017 2181 1065 2211 his
1081 2182 1209 2212 African
1227 2193 1288 2212 war
1304 2183 1398 2221 (Bell.
1416 2184 1483 2212 Afr.
1501 2194 1527 2213 c.
1546 2186 1613 2219 20).

907 2225 962 2253 sed
979 2225 1052 2262 qnia
1085 2246 1092 2252 .
1112 2247 1118 2253 .
1137 2246 1144 2253 .
1174 2225 1276 2263 sapis]
1327 2225 1423 2255 Halm
1447 2227 1549 2256 writes
1575 2226 1638 2266 (ed.

865 2265 999 2304 Orelli):
1027 2266 1101 2295 ‘sed
1122 2267 1205 2305 quia,
1223 2269 1278 2305 qui
1296 2290 1302 2297 .
1322 2290 1328 2297 .
1347 2291 1354 2298 .
1371 2278 1434 2297 non
1451 2269 1566 2304 videas,
1591 2270 1639 2299 ni-

865 2308 907 2337 hil
938 2308 1077 2347 profecto
1115 2309 1274 2347 sapis.’—‘
1289 2311 1383 2340 mima
1413 2312 1541 2341 uxore:¹
1578 2312 1639 2351 Cy-

864 2350 971 2385 theris.
1004 2351 1061 2380 but
1085 2351 1141 2380 she
1166 2362 1227 2381 was
1253 2357 1309 2382 not
1334 2353 1381 2383 his
1404 2354 1483 2383 wife.
1530 2354 1639 2385 Cicero

866 2392 931 2429 (Ad
943 2394 1008 2423 Att.
1022 2403 1051 2422 x.
1070 2394 1122 2432 10)
1139 2404 1209 2433 says
1222 2406 1228 2424 ε
1255 2398 1274 2411 “
1287 2395 1337 2425 hic
1349 2399 1454 2426 tamen
1468 2397 1639 2436 Cytherida

865 2445 970 2465 secum
1003 2436 1112 2466 lectica
1138 2441 1246 2476 aperta
1276 2442 1382 2477 portat
1418 2439 1547 2469 alteram
1579 2451 1637 2470 ux-

864 2477 985 2508 orcm.”
1031 2479 1099 2509 The
1114 2490 1235 2509 woman
1253 2480 1315 2510 had
1331 2481 1410 2511 been
1427 2482 1481 2512 the
1498 2483 1638 2513 mistress

862 2521 898 2550 of
910 2521 1098 2551 Volumnius
1123 2522 1323 2562 Eutrapelus,
1347 2525 1409 2554 and
1439 2526 1638 2566 accordingly

863 2563 973 2593 Cicero
1003 2564 1068 2593 also
1099 2565 1173 2594 calls
1204 2566 1259 2595 her
1289 2567 1459 2597 Volumnia
1499 2568 1539 2607 (c.
1568 2571 1636 2607 24).

862 2605 971 2636 Cicero
996 2607 1056 2636 and
1082 2607 1206 2638 Atticus
1230 2609 1340 2647 dining
1356 2611 1431 2640 with
1448 2611 1636 2641 Volumnius

861 2648 891 2677 in
911 2658 974 2679 1³.c.
997 2651 1048 2685 46,
1065 2654 1113 2679 sat
1129 2650 1219 2680 down
1237 2655 1270 2681 to
1287 2652 1371 2682 table
1387 2653 1461 2682 with
1479 2654 1635 2691 Cytheris.

861 2691 969 2722 Cicero
995 2702 1066 2732 says
1082 2693 1150 2722 that
1167 2693 1206 2723 he
1222 2694 1274 2724 did
1299 2699 1356 2725 not
1379 2696 1470 2725 know
1486 2697 1556 2726 that
1581 2697 1637 2726 she

861 2744 921 2763 was
938 2739 970 2764 to
986 2734 1025 2764 be
1046 2735 1135 2765 there
1160 2736 1283 2776 (Letter
1304 2741 1336 2766 to
1356 2738 1479 2774 Paetus,
1497 2740 1545 2769 Ad
1566 2740 1633 2768 niv.

859 2777 900 2806 ix.
929 2778 995 2816 26).
1042 2778 1152 2817 Likely
1183 2780 1306 2818 enough
1337 2780 1392 2810 the
1422 2792 1543 2811 woman
1574 2791 1636 2810 was

860 2819 952 2859 lively
983 2819 1045 2850 and
1072 2822 1170 2860 witty‚
1198 2822 1259 2851 and
1291 2823 1392 2862 might
1422 2824 1500 2853 have
1524 2824 1636 2861 taught

861 2862 1020 2893 Antonius
1057 2864 1245 2903 something,
1285 2865 1311 2894 if
1346 2866 1384 2895 he
1421 2866 1512 2896 could
1558 2866 1635 2895 have

862 2904 1000 2943 learned,
1016 2915 1051 2936 as
1067 2906 1178 2937 Cicero
1194 2907 1296 2938 would
1312 2918 1378 2947 say.
