1816 3211
106 205 186 246 632
259 204 437 246 ORAT.
473 204 988 247 PHILIPPICARUM
1024 203 1210 245 LIBER
1241 204 1540 248 DECIMUS.

163 317 224 358 X.
262 318 421 372 Magna
442 319 609 373 quidem
629 333 705 359 nos
726 333 798 373 spe
820 322 863 358 et
884 331 1011 372 prope
1033 318 1251 372 explorata
1278 318 1483 360 libertatis
1504 333 1694 361 caussam

103 385 387 439 suscepimus,
423 386 508 434 sed,
534 390 581 425 ut
603 384 830 424 concedam
862 383 1047 424 incertos
1075 383 1213 423 exitus
1241 397 1331 423 esse
1363 383 1458 424 belli
1489 384 1692 426 Martem-

101 463 180 503 que
198 464 470 494 communem,
491 455 630 488 tamen
653 462 726 502 pro
743 447 937 488 libertate
959 447 1068 488 vitae
1089 447 1271 502 periculo
1294 449 1591 489 decertandum
1613 454 1690 489 est.

103 513 198 554 Non
229 514 338 554 enim
370 514 411 552 in
442 512 590 567 spiritu
619 512 704 553 vita
739 518 815 559 est,
840 512 914 552 sed
946 526 996 552 ea
1031 512 1142 552 nulla
1174 518 1238 552 est
1274 513 1440 553 omnino
1476 513 1690 554 servienti.

101 578 256 618 Omnes
278 578 468 618 nationes
490 577 736 618 servitutem
754 577 860 617 ferre
877 582 1054 631 possunt
1070 593 1078 616 :
1112 581 1257 617 nostra
1274 577 1422 618 civitas
1437 592 1518 617 non
1534 582 1688 632 potest,

98 657 173 682 nec
196 642 320 682 ullam
352 642 474 682 aliam
507 642 559 682 ob
588 656 790 691 caussam,
824 642 903 682 nisi
939 642 1049 696 quod
1080 641 1172 682 illae
1207 641 1390 682 laborem
1426 642 1689 696 doloremque

97 706 276 761 fugiunt,
310 707 459 761 quibus
481 711 528 747 ut
550 711 722 747 careant
746 706 884 746 omnia
919 707 1082 761 perpeti
1112 711 1300 761 possunt,
1334 721 1410 746 nos
1431 706 1491 747 ita
1512 721 1537 746 a
1557 706 1685 760 majo·

96 771 210 811 ribus
231 771 415 813 instituti
435 777 561 826 atque
591 770 740 812 imbuti
771 786 914 812 sumus
935 776 982 812 ut
1004 771 1141 812 omnia
1163 771 1336 811 consilia
1356 775 1482 826 atque
1503 770 1615 811 facta
1635 771 1688 811 ad

95 835 296 877 virtutem
318 841 361 877 et
388 837 442 877 ad
463 836 713 891 dignitatem
744 836 1005 876 referremus.
1069 835 1137 876 Ita
1167 836 1384 891 praeclara
1419 842 1483 876 est
1518 850 1686 890 recupe-

97 900 205 941 ratio
237 901 443 942 libertatis
473 906 520 942 ut
541 916 593 942 ne
620 916 732 941 mors
762 901 929 955 quidem
956 901 1011 942 sit
1033 900 1074 940 in
1095 901 1323 955 repetenda
1357 900 1552 941 libertate
1582 900 1687 955 fugi-

97 966 217 1005 enda.
284 965 405 1017 Quod
445 966 480 1006 si
521 965 815 1006 immortalitas
864 971 1187 1019 consequeretur
1235 965 1468 1020 praesentis
1516 965 1687 1020 periculi

94 1029 246 1084 fugam,
271 1035 413 1071 tamen
435 1045 484 1071 eo
504 1031 637 1085 magis
658 1045 707 1071 ea
727 1030 922 1085 fugienda
943 1030 1151 1070 videretur
1179 1045 1259 1084 quo
1293 1030 1526 1071 diuturnior
1562 1030 1686 1071 servi-

95 1099 163 1135 tus
185 1100 310 1136 esset.
374 1095 509 1146 Quum
531 1110 626 1136 vero
650 1095 737 1135 dies
768 1099 811 1135 et
845 1100 992 1134 noctes
1026 1095 1163 1134 omnia
1183 1109 1258 1134 nos
1279 1095 1461 1150 undique
1493 1096 1581 1136 fata
1608 1095 1684 1135 cir-

94 1165 318 1209 cumstent,
354 1175 436 1200 non
463 1165 528 1200 est
549 1160 623 1200 viri
651 1159 899 1213 minimeque
929 1159 1106 1199 Romani
1139 1159 1330 1199 dubitare
1365 1174 1459 1200 eum
1489 1160 1683 1214 spiritum

95 1239 217 1279 quem
251 1230 427 1265 naturae
469 1225 619 1265 debeat
654 1224 815 1278 patriae
854 1224 1041 1264 reddere.
1104 1223 1375 1264 Concurritur
1414 1225 1595 1279 undique
1629 1225 1683 1265 ad

93 1303 310 1330 commune
331 1289 568 1330 incendium
589 1289 947 1343 restinguendum.
1010 1288 1225 1339 Veterani,
1251 1289 1319 1344 qui
1349 1289 1470 1343 primi
1493 1290 1683 1330 Caesaris

92 1354 387 1395 auctoritatem
423 1354 558 1395 secuti
601 1353 757 1409 [sunt],
791 1360 988 1395 conatum
1023 1354 1201 1395 Antonii
1241 1354 1535 1409 reppulerunt:
1584 1359 1682 1409 post

91 1419 279 1473 ejusdem
308 1419 489 1460 furorem
524 1419 682 1461 Martia
708 1419 817 1474 legio
848 1419 984 1474 fregit,
1020 1420 1183 1471 Quarta
1213 1419 1376 1459 afflixit.
1439 1419 1507 1460 Sic
1540 1434 1565 1459 a
1595 1420 1681 1460 suis

91 1485 321 1539 legionibus
357 1485 657 1525 condemnatus
688 1483 838 1538 irrupit
864 1484 906 1524 in
936 1484 1125 1534 Galliam,
1165 1499 1290 1539 quam
1324 1484 1403 1525 sibi
1437 1485 1564 1525 armis
1596 1484 1682 1524 ani-

90 1549 250 1603 misque
286 1550 479 1591 infestam
513 1549 805 1604 inimicamque
841 1549 1051 1603 cognovit.
1113 1549 1241 1590 Hunc
1264 1550 1319 1590 A.
1343 1549 1487 1598 Hirtii,
1512 1548 1558 1590 O.
1583 1549 1681 1590 Cae-

91 1614 196 1655 saris
232 1615 438 1656 exercitus
469 1615 648 1656 insecuti
679 1619 804 1655 sunt:
838 1619 935 1668 post
958 1614 1123 1654 Pansae
1153 1614 1340 1655 delectus
1359 1614 1506 1654 urbem
1526 1618 1682 1654 totam-

91 1695 170 1734 que
195 1679 361 1721 Italiam
396 1680 544 1721 erexit.
608 1679 733 1720 Unus
761 1678 945 1719 omnium
980 1684 1046 1719 est
1077 1679 1236 1727 hostis,
1272 1694 1520 1734 quamquam
1551 1679 1680 1718 habet

91 1759 232 1785 secum
256 1744 304 1784 L.
326 1745 510 1794 fratrem,
535 1744 793 1785 carissimum
823 1743 974 1797 populo
1009 1742 1197 1783 Romano
1227 1743 1358 1784 civem
1379 1744 1498 1798 cujus
1519 1743 1679 1784 deside-

90 1808 197 1849 rium
231 1809 378 1849 civitas
410 1809 518 1849 ferre
554 1808 710 1849 diutius
737 1822 819 1848 non
854 1812 1009 1862 potest.
1074 1807 1184 1858 Quid
1218 1808 1287 1848 illa
1317 1808 1493 1848 taetrius
1527 1808 1675 1857 bellua,

91 1872 191 1927 quid
226 1872 470 1913 immanius?
502 1872 572 1927 qui
603 1873 655 1912 ob
691 1887 783 1913 eam
820 1886 1011 1912 caussam
1047 1877 1172 1912 natus
1204 1872 1370 1913 videtur
1403 1887 1455 1913 ne
1492 1873 1676 1914 omnium

89 1936 326 1978 mortalium
360 1937 626 1991 turpissimus
661 1941 775 1977 esset
812 1936 875 1977 M.
910 1936 1136 1977 Antonius.
1199 1936 1281 1978 Est
1315 1951 1397 1977 una
1430 1937 1673 1988 Trebellius,

90 2002 160 2057 qui
191 2002 281 2056 jam
301 2016 395 2041 cum
422 2001 575 2042 tabulis
602 2002 719 2042 novis
740 2001 849 2042 redit
870 2001 913 2041 in
933 2001 1125 2056 gratiam,
1163 2000 1255 2055 [T.]
1281 2001 1462 2042 Plancus
1484 2007 1527 2043 et
1549 2003 1677 2043 ceteri

88 2080 220 2121 pareS,
245 2066 313 2120 qui
335 2065 376 2106 id
398 2071 599 2120 pugnant.
622 2065 664 2105 id
691 2070 834 2120 agunt,
868 2070 915 2106 ut
948 2071 1094 2106 contra
1128 2080 1216 2106 rem
1248 2065 1457 2119 publicam
1489 2067 1677 2108 restituti

88 2146 179 2172 esse
200 2131 429 2171 videantur.
495 2130 732 2171 Sollicitant
767 2130 954 2171 homines
988 2130 1204 2185 imperitos
1242 2131 1354 2171 Saxa
1384 2136 1427 2171 et
1459 2131 1572 2181 Cafo,
1595 2131 1676 2186 ipsi

86 2196 231 2237 rustici
252 2200 378 2250 atque
398 2200 597 2249 agrestes,
617 2195 686 2250 qui
707 2195 813 2236 hanc
834 2210 922 2236 rem
942 2195 1151 2250 publicam
1171 2210 1247 2236 nec
1268 2195 1459 2236 viderunt
1478 2211 1673 2251 umquam

86 2276 162 2302 nec
182 2261 321 2301 videre
352 2260 625 2301 constitutam
645 2261 801 2310 volunt,
832 2259 902 2315 qui
929 2275 1012 2300 non
1041 2260 1240 2310 Caesaris,
1273 2260 1347 2300 sed
1369 2260 1545 2301 Antonii
1577 2266 1674 2302 acta

87 2327 326 2375 defendunt,
361 2340 464 2379 quos
491 2326 644 2367 avertit
675 2326 765 2381 agri
789 2325 991 2381 Campani
1016 2325 1178 2366 infinita
1205 2325 1426 2380 possessio,
1462 2326 1580 2380 cujus
1601 2341 1673 2367 eos

85 2405 168 2431 non
189 2391 342 2444 pudere
365 2391 555 2441 demiror,
581 2406 708 2445 quum
729 2391 896 2432 videant
919 2406 963 2431 se
984 2391 1133 2431 mimos
1161 2395 1204 2431 et
1234 2389 1383 2431 mimas
1403 2391 1555 2431 habere
1575 2391 1672 2431 vici-

85 2469 176 2495 nos.
238 2454 325 2494 XI.
348 2455 419 2494 Ad
439 2455 515 2495 has
536 2461 679 2509 pestes
701 2456 993 2510 opprimendas
1019 2455 1135 2510 [quid
1160 2453 1244 2508 est]
1270 2469 1343 2495 cur
1371 2455 1545 2496 moleste
1566 2456 1670 2496 fera-

83 2533 176 2560 mus
197 2519 306 2573 quod
331 2518 392 2558 M.
416 2519 537 2560 Bruti
559 2520 738 2561 accessit
759 2520 994 2562 exercitus?
1024 2519 1296 2569 immoderati,
1329 2519 1464 2567 credo,
1493 2519 1672 2560 hominis

83 2589 128 2625 et
147 2583 402 2630 turbulenti3
437 2583 588 2632 videte,
609 2599 660 2625 ne
685 2585 855 2624 nimium
883 2598 1013 2639 paene
1043 2583 1244 2638 patientis
1262 2599 1270 2623 :
1305 2584 1385 2625 etsi
1406 2584 1448 2624 in
1468 2584 1575 2625 illius
1595 2584 1671 2625 viri

128 2674 177 2704 10.
201 2674 406 2710 Martemque
437 2672 648 2711 communem]
701 2673 759 2703 See
790 2673 851 2703 Pro
944 2673 1137 2712 Trebellius]
1201 2673 1259 2702 See
1304 2672 1427 2702 Introd.
1476 2683 1507 2712 p.
1552 2674 1670 2703 450.—

82 2717 118 2746 P.
137 2716 249 2750 Sestio,
267 2725 292 2744 c.
311 2716 341 2750 5,
358 2714 419 2742 and
436 2714 491 2743 the
507 2717 591 2743 note.
899 2715 1052 2745 ‘Plancus
1064 2715 1083 2744 :'
1100 2715 1142 2743 V2
1156 2726 1163 2751 3
1188 2718 1195 2732 ‘
1209 2715 1246 2745 T.
1262 2714 1411 2745 Plancus'
1428 2715 1469 2744 D.
1517 2715 1575 2744 See
1588 2715 1667 2745 Phil.

129 2758 291 2793 Veterani,
329 2756 398 2795 qui]
446 2756 486 2791 V,
526 2757 748 2796 ‘veteranique
767 2757 775 2771 ’
806 2758 848 2788 D.
894 2758 934 2787 vi.
964 2768 990 2788 c.
1017 2759 1046 2794 4,
1070 2757 1133 2787 and
1163 2758 1217 2787 the
1240 2757 1564 2787 note.—‘restituti:’
1585 2757 1666 2787 Phil.

81 2803 114 2833 If
136 2802 190 2831 the
213 2803 281 2830 text
306 2799 332 2828 is
359 2799 414 2828 the
440 2802 510 2828 true
533 2799 671 2837 reading,
696 2810 741 2829 we
764 2803 849 2830 must
893 2801 934 2830 vi.
952 2810 978 2830 c.
995 2801 1026 2830 4.

79 2845 140 2874 add
172 2842 290 2879 ‘sunt‚’
321 2841 422 2871 which
456 2841 483 2870 is
515 2844 574 2870 not
602 2841 635 2870 in
665 2841 720 2870 the
750 2842 847 2872 MSS.
938 2843 1071 2882 avertit]
1119 2842 1209 2881 They
1239 2842 1280 2872 do
1318 2844 1376 2872 not
1416 2842 1570 2871 maintain
1610 2841 1666 2872 the

81 2888 219 2918 Faernus
235 2883 389 2925 proposed
406 2883 574 2913 ‘Veterani
590 2883 715 2922 quidem
732 2884 847 2922 primi.’
893 2887 900 2901 ‘
916 2884 1000 2914 acta’
1024 2885 1060 2914 of
1083 2884 1208 2920 Caesar,
1233 2885 1292 2914 but
1320 2885 1410 2914 those
1434 2884 1471 2913 of
1491 2883 1660 2921 Antonius,

78 2934 130 2953 -—‘
145 2930 261 2961 Martia
276 2928 356 2968 legio
369 2926 388 2957 :’
411 2936 462 2957 see
478 2925 600 2956 Introd.
617 2928 650 2955 to
667 2926 747 2956 Phil.
764 2926 805 2956 iii.
893 2927 963 2956 who
979 2927 1039 2957 had
1056 2927 1148 2966 given
1164 2927 1249 2956 them
1266 2927 1340 2957 land
1355 2927 1388 2956 in
1405 2926 1588 2966 Campania.
