1816 3211
165 168 247 210 566
327 166 504 209 ORAT.
537 165 1051 209 PHILIPPIOARUM
1087 164 1272 206 LIBER
1305 163 1594 217 QUINTUS.

162 281 268 323 falsa
288 281 524 324 referebat:
559 281 820 337 syngraphae
851 279 1210 334 obsignabantur3
1247 278 1612 320 senatusconsulta
1642 292 1759 319 num-

165 361 289 402 quam
310 347 426 388 facta
456 347 509 388 ad
539 347 744 388 aerarium
776 345 1083 385 deferebantur.
1147 342 1290 397 Hujus
1322 343 1596 398 turpitudinis
1626 348 1760 385 testes

165 416 285 453 erant
307 411 432 453 etiam
455 417 624 453 exterae
646 410 851 451 nationes.
916 409 1109 450 Foedera
1137 408 1297 449 interea
1326 408 1453 458 facta,
1485 423 1614 463 regna
1644 409 1758 457 data,

165 477 303 531 populi
324 476 643 531 provinciaeque
671 475 886 523 liberatae,
910 488 1135 528 earumque
1166 488 1303 514 rerum
1335 474 1463 514 falsae
1494 473 1658 514 tabulae
1689 489 1759 529 gc-

164 545 304 582 mente
339 541 490 595 populo
533 540 723 580 Romano
759 544 853 580 toto
891 538 1096 594 Capitolio
1130 539 1382 594 figebantur.
1444 538 1605 590 Quibus
1637 539 1759 580 rebus

163 610 286 645 tanta
305 605 481 660 pecunia
501 620 582 645 una
604 605 645 645 in
667 605 790 645 domo
813 609 1060 645 coacervata
1081 609 1149 645 est
1170 609 1229 653 ut,
1253 604 1287 644 si
1309 604 1387 645 hoc
1416 617 1549 659 genus
1569 603 1611 644 in
1632 618 1759 644 unum

163 670 392 725 redigatur,
415 685 498 711 non
520 670 577 711 sit
599 669 773 725 pecunia
794 669 854 710 rei
875 670 1065 725 publicae
1088 670 1295 712 defutura.

223 734 280 776 V.
314 735 472 791 Legem
502 735 631 794 etiam
656 735 921 790 judiciariam
953 735 1064 786 tulit,
1097 735 1220 776 homo
1254 739 1396 776 castus
1426 740 1552 790 atque
1582 734 1756 790 integer,

157 799 414 854 judiciorum
444 805 487 842 et
515 800 621 855 juris
652 805 828 847 auctor,
862 800 905 841 in
935 815 1016 856 quo
1048 815 1125 841 nos
1153 800 1310 842 fefellit.
1371 799 1687 854 Antesignanos
1716 809 1760 841 et

163 865 442 921 manipulares
459 870 503 907 et
522 866 694 907 alaudas
711 866 876 921 judices
897 880 941 906 se
962 866 1232 907 constituisse
1250 865 1428 906 dicebat.
1488 864 1551 905 At
1571 864 1637 904 ille
1657 864 1761 919 legit

163 930 383 982 aleatores,
402 931 506 986 legit
527 931 706 981 exsules,
727 931 832 986 legit
855 931 1054 972 Graecos.
1117 930 1153 971 O
1172 945 1413 971 consessum
1430 930 1620 984 judicum
1642 944 1761 984 prae-

164 995 350 1037 clarum!
386 1011 410 1038 o
443 996 696 1051 dignitatem
731 995 892 1037 consilii
924 996 1236 1037 admirandam!
1302 996 1417 1037 Avet
1449 995 1614 1036 animus
1648 995 1760 1048 apud

163 1060 381 1101 consilium
397 1061 495 1102 illud
509 1076 584 1116 pro
601 1076 671 1102 reo
687 1061 837 1102 dicere.
881 1060 1040 1115 Cydam
1058 1060 1315 1109 Cretensem,
1332 1065 1574 1116 portentum
1587 1060 1756 1109 insulae,

162 1125 373 1167 hominem
405 1126 728 1167 audacissimum
749 1131 793 1167 et
813 1126 1155 1181 perditissimum.
1219 1126 1302 1166 Sed
1323 1126 1389 1166 fac
1414 1124 1515 1181 [ita]
1540 1139 1623 1165 non
1651 1139 1758 1166 esse.

164 1190 275 1231 Num
300 1191 452 1232 Latine
476 1191 584 1232 scit?
613 1206 714 1231 num
735 1196 800 1232 est
821 1206 872 1231 ex
888 1191 1078 1245 judicum
1098 1205 1252 1246 genere
1274 1196 1318 1231 et
1338 1190 1501 1232 forma?
1521 1204 1632 1240 num,
1650 1191 1760 1245 quod

161 1255 388 1295 maximum
412 1261 489 1305 est,
512 1256 627 1311 leges
649 1261 816 1297 nostras
837 1270 1025 1297 moresve
1047 1256 1189 1297 novit?
1225 1271 1326 1296 num
1346 1256 1522 1310 denique
1543 1255 1759 1296 homines?

163 1320 246 1362 Est
267 1320 376 1361 enim
392 1319 521 1362 Creta
550 1321 668 1362 vobis
689 1321 828 1363 notior
849 1336 974 1377 quam
997 1322 1132 1362 Roma
1154 1321 1319 1376 Cydae3
1355 1321 1532 1362 dilectus
1553 1326 1694 1361 autem
1715 1325 1759 1362 et

161 1385 324 1427 notatio
340 1386 529 1440 judicum
551 1386 679 1428 etiam
710 1386 753 1427 in
780 1387 935 1428 nostris
957 1387 1115 1428 civibus
1147 1387 1292 1427 haberi
1324 1387 1444 1428 solet.
1507 1386 1759 1441 Gortynium

160 1465 258 1492 vero
289 1451 476 1506 judicem
513 1452 606 1507 quis
642 1452 759 1494 novit
790 1458 866 1494 aut
899 1452 990 1508 quis
1022 1467 1143 1493 nosse
1180 1452 1347 1507 potuit?
1408 1452 1517 1493 Nam
1552 1451 1758 1507 Lysiaden

162 1516 466 1558 Atheniensem
488 1518 671 1573 plerique
687 1518 902 1566 novimus3
937 1522 1003 1559 est
1024 1518 1134 1558 enim
1153 1518 1335 1559 Phaedri
1355 1518 1588 1573 philosophi
1610 1517 1758 1557 nobilis

161 1581 299 1629 filius3
334 1583 457 1623 homo
478 1588 696 1638 praeterea
716 1583 905 1632 festivus,
928 1588 977 1625 ut
1000 1583 1037 1624 ei
1060 1599 1153 1624 cum
1176 1583 1301 1624 Curio
1328 1598 1571 1624 consessore
1593 1583 1755 1624 eodem-

161 1662 241 1703 que
263 1648 464 1690 collusore
485 1649 676 1690 facillime
697 1650 832 1705 possit
853 1649 1086 1691 convenire.
1147 1649 1311 1701 Quaero
1333 1649 1461 1704 igitur
1488 1649 1524 1690 si
1557 1649 1756 1704 Lysiades

163 1713 320 1755 citatus
342 1714 474 1769 judex
502 1729 585 1755 non
614 1715 876 1769 responderit
911 1719 1217 1769 excuseturque
1240 1714 1525 1769 Areopagites
1546 1729 1648 1765 esse,
1678 1730 1756 1756 nec

207 1835 376 1875 liberatae]
418 1835 514 1865 Made
531 1839 538 1852 ‘
549 1835 727 1866 immunes!
764 1839 783 1853 “
795 1836 935 1867 Tabulae
979 1836 1170 1876 description
1187 1836 1267 1866 from
1283 1835 1387 1865 whom
1401 1835 1531 1866 Judices
1546 1845 1599 1866 are
1616 1836 1732 1866 taken?
1746 1836 1754 1849 ’

163 1878 321 1917 figuntur;
356 1879 572 1908 immunitates
607 1879 746 1915 dantur;
784 1881 936 1918 pecuniae
1023 1879 1177 1918 dilectus]
1226 1879 1266 1908 V.
1304 1879 1346 1908 D.
1392 1879 1460 1908 The
1505 1879 1634 1909 Judices
1673 1889 1755 1909 were

163 1921 318 1950 maximae
347 1921 589 1958 describuntur;
628 1922 752 1952 exsules
781 1923 935 1952 reducun-
981 1922 1131 1952 ‘delecti'
1148 1932 1184 1952 or
1209 1921 1357 1957 ‘dilecti‚'
1386 1932 1422 1952 or
1449 1921 1600 1952 ‘selecti.’
1646 1922 1678 1952 It
1693 1933 1755 1952 was

163 1966 235 1997 tur:
260 1965 531 1994 senatusconsulta
548 1965 624 1994 falsa
646 1965 860 2001 referuntur,'’
879 1968 935 1995 διο.
979 1969 1036 1995 not
1068 1975 1161 2004 every
1191 1975 1265 1994 man
1296 1965 1364 1993 who
1396 1965 1488 1994 could
1520 1965 1557 1994 be
1588 1975 1606 1994 a
1636 1965 1753 1995 Judex.

165 2006 290 2047 (Cicero
303 2010 334 2036 to
347 2007 483 2043 Cassius,
498 2009 546 2038 Ad
559 2008 630 2037 Div.
644 2008 694 2037 xii.
717 2007 816 2048 1).--6
830 2019 892 2038 una
903 2010 935 2038 in

163 2050 257 2079 domo
272 2049 291 2079 :’
321 2050 471 2080 Garatoni
488 2052 681 2089 conjectures
695 2051 765 2080 that
781 2052 805 2080 it
822 2052 935 2081 should

163 2092 203 2122 be
219 2096 226 2109 ⁴
239 2102 335 2122 unam
348 2094 380 2122 in
397 2094 549 2129 domum,'
566 2094 614 2124 for
636 2094 674 2124 V.
695 2094 751 2123 has
769 2098 775 2110 ‘
790 2104 885 2124 unam
903 2095 935 2124 in

163 2135 387 2166 domo.⁷—hoc
402 2147 502 2176 genus
516 2136 536 2166 :’
562 2141 569 2153 ⁸
581 2137 641 2167 hoc
661 2147 760 2176 genus
781 2137 877 2176 pene’
895 2138 934 2168 V.

164 2181 171 2194 ¹
183 2179 244 2208 hoo
274 2189 372 2217 genus
385 2179 392 2192 ⁹
425 2180 466 2209 D.
511 2180 580 2210 The
610 2180 695 2210 word
728 2184 734 2197 ‘
750 2191 830 2220 pene
844 2180 851 2194 '
880 2181 936 2211 has

162 2221 213 2251 led
225 2226 258 2251 to
276 2223 393 2252 several
409 2223 615 2262 conjectures.
651 2223 790 2253 Faernus
802 2224 936 2254 omitted

165 2264 286 2304 ‘pene,'
309 2266 420 2301 which,
447 2276 516 2305 says
540 2266 659 2303 Ursini,
683 2267 710 2296 is
734 2277 752 2296 a
768 2267 937 2306 corrupted

163 2307 258 2336 word.
294 2308 345 2338 He
360 2313 502 2347 suggests
519 2310 587 2339 that
602 2310 627 2339 it
644 2320 714 2348 may
731 2309 771 2339 be
787 2310 936 2340 intended

163 2349 212 2379 for
226 2351 235 2366 ‘
248 2351 399 2388 pecuniae
411 2352 418 2365 '
435 2362 470 2382 or
487 2355 494 2369 ¹
509 2352 616 2392 penu.'
656 2353 670 2382 Ι
687 2352 780 2382 think
798 2353 937 2383 Faernus

163 2392 220 2422 has
236 2393 318 2423 done
332 2395 427 2433 right.
474 2395 507 2424 If
520 2399 527 2412 ⁶
542 2405 622 2435 pene
637 2395 644 2408 ’
662 2396 688 2425 is
713 2405 731 2425 a
756 2396 937 2435 corruption

163 2435 198 2464 of
218 2445 306 2465 some
321 2446 381 2466 one
397 2438 491 2473 word,
508 2439 533 2468 it
549 2442 634 2468 must
650 2438 689 2468 be
704 2449 722 2468 a
737 2439 823 2468 word
839 2439 874 2469 of
882 2439 937 2469 the

164 2488 249 2508 same
266 2480 411 2519 meaning
426 2491 459 2510 as
478 2481 651 2520 ‘pecunia'

207 2523 237 2550 5.
255 2522 371 2560 Leyem
389 2524 500 2563 etiam]
551 2524 633 2553 Phil.
650 2525 670 2554 i.
691 2536 716 2555 c.
732 2528 817 2556 8.—‘
831 2527 904 2556 avet
916 2524 935 2554 :'

163 2564 220 2600 V.,
248 2568 254 2580 ‘
269 2565 380 2603 pavet’
414 2566 508 2595 D.—¹
522 2567 604 2606 apud
635 2570 799 2599 consilium
825 2569 900 2599 illud
916 2567 935 2597 ε’

163 2606 271 2636 before
287 2608 361 2636 such
388 2618 405 2637 a
430 2608 513 2648 body
529 2610 565 2639 of
581 2610 718 2641 Judices.
771 2615 778 2628 ‘
794 2612 913 2642 Cvdam
928 2610 935 2623 '

164 2650 303 2689 depende
329 2660 370 2679 on
402 2655 408 2667 ⁴
421 2651 519 2689 legit.'
567 2655 585 2670 “
600 2653 638 2682 In
669 2644 831 2693 argenteo*
851 2654 935 2693 apud

164 2703 216 2723 me
245 2693 435 2723 numismate
461 2695 508 2724 M.
534 2695 675 2731 Antonii,
708 2698 790 2736 quod
824 2698 936 2728 Cretae

164 2746 274 2766 cusum
292 2737 360 2771 fuit,
374 2737 559 2775 inscriptum
576 2742 633 2773 est,
653 2742 809 2770 ΚΥΔΑΣ.
828 2743 935 2770 KPH-

165 2782 353 2810 ΤΑΡΧΑΣ.
382 2782 641 2810 ΚΡΗΤΑΙΕΩΝ
658 2782 677 2794 ”
697 2782 746 2820 (F.
766 2783 902 2824 Ursini).

209 2822 359 2862 Sedfac]
409 2827 416 2839 ‘
431 2823 524 2859 Well,
541 2833 676 2862 suppose
698 2825 767 2854 that
784 2826 823 2855 he
839 2826 864 2856 is
880 2828 936 2855 not

163 2876 182 2895 a
197 2870 281 2896 most
310 2866 474 2905 desperate
500 2866 563 2895 and
592 2866 779 2897 abandoned
809 2869 934 2898 follow!

165 2911 217 2941 He
232 2911 309 2941 then
327 2910 410 2946 asks,
428 2915 435 2926 ⁶
448 2909 481 2940 ls
503 2909 544 2942 he
563 2918 623 2939 one
646 2910 681 2940 of
700 2911 754 2942 the
774 2911 851 2944 kind
873 2912 935 2945 and

982 2008 1105 2038 Horace
1131 2009 1211 2047 (Sat.
1237 2009 1258 2037 i.
1284 2011 1314 2043 4,
1332 2018 1360 2036 v.
1381 2008 1456 2049 123)
1480 2008 1554 2037 calls
1579 2008 1668 2037 them
1686 2012 1692 2024 ⁴
1707 2018 1755 2038 se-

980 2051 1073 2081 lecti?
1122 2052 1242 2081 Gellius
1274 2051 1351 2091 (xiv.
1382 2050 1440 2091 2):
1482 2051 1586 2084 “Quo
1617 2051 1755 2090 primum

980 2098 1123 2133 tempore
1153 2105 1171 2124 a
1201 2093 1398 2133 praetoribus
1435 2094 1536 2123 lectus
1571 2095 1606 2124 in
1633 2094 1756 2133 judices

980 2147 1050 2167 sum
1082 2141 1117 2167 ut
1145 2138 1263 2176 judicia
1292 2147 1372 2177 quae
1401 2137 1603 2176 appellantur
1633 2138 1755 2177 privata

980 2180 1206 2220 susciperem.”

1028 2223 1236 2263 Cortynium]
1279 2226 1286 2239 ‘
1301 2223 1489 2262 Cortynium
1503 2222 1511 2236 '
1529 2223 1568 2252 V.
1583 2223 1624 2253 D.
1643 2223 1754 2253 Halm.

981 2266 1075 2296 Some
1102 2267 1136 2296 of
1169 2267 1224 2296 the
1254 2266 1383 2302 medals,
1419 2266 1555 2305 perhaps
1591 2267 1642 2302 all,
1674 2267 1753 2296 have

982 2312 1032 2339 ΓΟ
1039 2312 1151 2340 ΡΤΥΝ
1159 2311 1248 2339 ΙΩΝ.
1296 2310 1438 2348 Gortyna
1448 2309 1510 2338 and
1523 2309 1662 2339 Cnossus
1673 2319 1754 2339 were

979 2352 1034 2382 the
1071 2356 1133 2382 two
1167 2353 1284 2392 largest
1318 2353 1406 2382 cities
1428 2352 1463 2382 of
1497 2351 1655 2382 Crete.—‘
1667 2352 1752 2382 Nam

982 2395 1173 2434 Lysiaden:’
1209 2395 1249 2425 he
1278 2405 1350 2425 uses
1381 2395 1498 2431 ⁴nam,’
1530 2405 1564 2425 as
1594 2395 1635 2424 he
1664 2395 1751 2425 often

980 2438 1065 2474 does,
1082 2443 1115 2468 to
1131 2439 1220 2468 mark
1236 2449 1254 2468 a
1269 2438 1437 2468 transition
1462 2443 1495 2468 to
1521 2438 1654 2467 another
1677 2438 1751 2468 sub-

976 2481 1041 2519 ject
1056 2491 1091 2511 or
1106 2482 1238 2511 another
1254 2485 1325 2520 part
1340 2481 1375 2511 of
1397 2482 1452 2510 the
1473 2481 1604 2519 subject.
1652 2481 1751 2511 Phae-

980 2524 1054 2554 drus
1078 2525 1132 2554 the
1155 2524 1257 2554 father
1272 2534 1335 2554 was
1351 2534 1390 2554 an
1407 2524 1595 2563 Epicurean.
1642 2524 1751 2554 Cicero

980 2567 1092 2606 speaks
1113 2567 1148 2597 of
1171 2567 1235 2596 him
1257 2567 1376 2597 several
1392 2567 1506 2597 times:
1531 2571 1550 2583 ¹⁴
1562 2577 1581 2596 a
1597 2566 1751 2602 Phaedro,

979 2611 1031 2649 qui
1056 2610 1147 2640 nobis
1170 2621 1266 2650 quum
1293 2610 1383 2649 pueri
1412 2620 1551 2640 essemus
1581 2613 1750 2648 antequam

980 2653 1144 2682 Philonem
1158 2654 1372 2692 cognovimus,
1386 2653 1475 2682 valde
1487 2657 1523 2682 ut
1533 2652 1749 2691 philosophus,

978 2699 1088 2735 postea
1102 2700 1209 2726 tamen
1231 2700 1267 2726 ut
1290 2696 1336 2725 vir
1352 2696 1453 2725 bonus
1469 2700 1499 2725 et
1516 2696 1618 2725 suavis
1633 2699 1666 2724 et
1681 2695 1749 2724 offi-

979 2739 1080 2768 ciosus
1097 2739 1320 2778 probabatur”
1339 2739 1404 2776 (Ad
1422 2739 1493 2768 Div.
1507 2739 1570 2768 xiii.
1590 2737 1632 2777 l).
1671 2737 1749 2767 This

980 2782 1103 2818 Curius,
1121 2782 1157 2811 of
1178 2782 1282 2811 whom
1307 2791 1353 2811 we
1379 2781 1472 2811 know
1492 2781 1624 2818 nothing
1649 2790 1746 2817 more,

978 2825 1004 2854 is
1020 2824 1183 2855 described
1198 2835 1232 2854 as
1247 2835 1265 2854 a
1280 2824 1431 2863 gambler.

1023 2869 1142 2897 citatus
1162 2868 1284 2907 judex]
1334 2865 1523 2896 Summoned
1561 2867 1595 2895 to
1633 2868 1683 2896 act
1711 2876 1746 2896 as

978 2910 997 2940 J
1003 2910 1094 2940 udex.
1141 2911 1173 2940 If
1186 2911 1224 2940 he
1240 2910 1353 2941 should
1367 2919 1479 2945 excuse
1494 2908 1624 2943 himself
1636 2919 1678 2944 on
1690 2909 1744 2940 the
