1816 3211
97 188 182 229 334
436 184 616 227 ORAT.
651 183 771 226 PRO
804 184 854 225 T.
889 181 1085 224 ANNIO
1121 182 1364 224 MILONE

96 299 213 341 simis
247 298 462 340 ordinibus
494 299 587 354 ipsa
618 298 787 345 lumina,
825 310 960 350 neque
987 310 1098 345 ver0,
1134 296 1245 351 quod
1269 297 1456 337 nonnulli
1485 297 1697 348 dictitant,

97 365 278 406 secrevit
299 364 338 404 in
356 364 572 418 judicibus
592 363 778 418 legendis
807 361 964 401 amicos
990 375 1135 406 meos:
1171 376 1306 416 neque
1338 363 1447 402 enim
1476 363 1554 404 hoc
1584 363 1698 417 cogi-

96 430 205 471 tavit
226 430 287 470 vir
303 429 575 483 justissimus,
598 442 732 482 neque
755 427 796 466 in
818 426 938 466 bonis
959 425 1058 467 viris
1078 426 1267 481 legendis
1289 427 1329 467 id
1352 428 1518 482 assequi
1540 429 1698 483 potuis-

96 500 172 544 set,
198 494 363 535 etiamsi
391 493 589 547 cupisset.
655 491 749 532 Non
782 491 893 532 enim
923 505 1016 531 mea
1044 491 1184 545 gratia
1213 491 1569 533 familiaritatibus
1600 508 1697 534 con-

95 560 268 605 tinetur,
287 572 392 612 quae
409 557 492 598 late
508 561 653 611 patere
675 571 758 596 non
780 561 967 611 possunt,
992 561 1215 611 propterea
1237 557 1348 610 quod
1370 558 1696 599 consuetudines

94 625 228 665 victus
249 637 331 662 non
352 626 529 676 possunt
549 636 639 662 esse
664 636 760 662 cum
789 621 961 668 multis;
996 622 1071 661 sed
1099 620 1134 661 si
1163 621 1262 676 quid
1293 636 1528 676 possumus,
1563 637 1614 663 ex
1646 638 1695 664 eo

93 703 329 745 possumus,
355 687 466 742 quod
497 701 564 727 res
596 687 764 742 publica
792 701 871 727 nos
903 686 1124 741 conjunxit
1145 701 1241 727 cum
1262 687 1397 728 bonis.
1457 687 1527 728 Ex·
1548 689 1680 743 quibu‘

93 754 159 795 ille
181 768 307 808 quum
329 753 511 808 optimos
531 752 642 793 viros
662 752 835 808 legeret,
866 752 991 807 idque
1018 751 1200 792 maxime
1228 752 1280 792 ad
1308 752 1435 793 fidem
1464 767 1582 794 suam
1603 756 1667 809 pei

92 820 227 861 tinere
262 819 553 867 arbitraretur,
590 832 673 858 non
709 818 849 873 potuit
884 817 1023 872 legere
1056 832 1140 858 non
1171 817 1384 858 studiosos
1415 818 1509 860 mei.
1572 820 1663 872 Quo

93 900 190 926 vero
212 889 267 934 te,
295 883 343 924 L.
374 883 551 931 Domiti,
581 882 677 923 huic
711 882 949 937 quaestioni
981 897 1175 937 praeesse
1208 882 1388 923 maxime
1419 883 1560 931 voluit,
1594 885 1676 925 nihi

94 949 299 1006 quaesivit
339 949 451 989 aliud
491 948 571 988 nisi
607 948 832 1002 justitiam,
883 948 1148 1003 gravitatem,
1191 948 1509 999 humanitatem,
1553 949 1692 991 fidem.

95 1015 211 1056 Tulit
244 1019 293 1055 ut
322 1013 582 1054 consularem
605 1027 776 1053 necesse
810 1017 934 1063 esset,
970 1013 1109 1062 credo,
1143 1013 1253 1067 quod
1279 1013 1513 1068 principum
1543 1029 1693 1054 munus

93 1095 185 1122 esse
207 1081 387 1120 ducebat
409 1079 604 1120 resistere
625 1083 669 1119 et
689 1078 851 1120 levitati
864 1078 1157 1152 ffffliffldissi'
1182 1079 1502 1142 Qpfflssssffl'um
1525 1079 1691 1120 temeri-

92 1146 186 1187 tati.
250 1145 317 1185 Ex
339 1143 627 1185 consularibus
648 1148 691 1184 te
714 1144 871 1185 creavit
901 1143 1192 1198 potissimunn
1229 1143 1403 1183 dederas
1434 1143 1544 1183 enim
1566 1159 1690 1198 quam

93 1216 381 1252 contemneres
420 1209 640 1264 populares
680 1199 863 1248 insaisias
899 1209 989 1262 jam
1024 1208 1077 1248 ab
1118 1207 1400 1247 adolescentia
1440 1208 1691 1248 documenta

91 1276 285 1317 maxima.
350 1274 436 1314 IX.
471 1274 763 1325 Quamobrem,
789 1273 967 1327 judices,
1000 1277 1048 1313 ut
1079 1271 1301 1326 aliquando
1323 1272 1376 1312 ad
1398 1286 1589 1313 caussam
1612 1273 1689 1313 cri-
1703 1252 1816 1310 adda

90 1354 268 1395 menque
308 1339 534 1388 veniamus,
574 1338 609 1378 si
645 1353 779 1393 neque
813 1337 948 1378 omnis
989 1337 1194 1378 confessio
1231 1337 1334 1377 facti
1372 1343 1437 1378 est
1473 1337 1688 1387 inusitata,
1807 1322 1816 1341 ι

90 1420 224 1460 neque
247 1405 297 1445 de
327 1418 476 1445 caussa
507 1408 653 1444 nostra
684 1403 910 1457 quidquam
940 1402 1063 1443 aliter
1095 1417 1144 1443 ac
1176 1417 1253 1443 nos
1277 1402 1474 1443 vellemus
1494 1417 1519 1443 a
1539 1408 1690 1444 senatu

85 1471 323 1526 judicatum
355 1474 434 1519 est,
467 1474 511 1510 et
541 1469 651 1509 lator
680 1468 769 1523 ipse
801 1467 917 1523 legiS,
953 1482 1081 1522 quum
1114 1472 1226 1508 esset
1261 1468 1547 1509 controversia
1576 1468 1690 1509 nulla

89 1536 204 1586 facti,
236 1535 343 1590 juris
370 1541 513 1576 tamen
547 1533 897 1588 disceptationem
933 1547 1024 1573 esse
1059 1533 1201 1582 voluit,
1236 1537 1279 1573 et
1311 1532 1348 1573 ei
1380 1532 1476 1574 lecti
1508 1533 1685 1587 judices,

89 1602 207 1656 isque
228 1600 492 1655 praepositus
523 1598 756 1654 quaestioni
788 1597 857 1653 qui
889 1597 992 1638 haec
1009 1598 1125 1652 juste
1147 1597 1440 1653 sapienterque
1463 1598 1684 1653 disceptet,

88 1667 293 1720 reliquum
315 1669 392 1713 est,
412 1664 585 1718 judices,
610 1669 658 1705 ut
680 1663 780 1704 nihil
797 1663 885 1717 jam
916 1663 1029 1703 aliud
1061 1677 1258 1717 quaerere
1281 1663 1470 1703 debeatis
1492 1663 1571 1703 nisi
1594 1669 1687 1704 uter

89 1731 173 1772 utri
195 1730 365 1770 insidias
386 1729 547 1770 fecerit.
610 1728 732 1780 Quod
765 1742 845 1783 quo
873 1728 1033 1768 facilius
1054 1728 1313 1782 argumentis
1334 1728 1570 1782 perspicere
1591 1742 1686 1782 pos-

89 1796 194 1845 sitis,
228 1810 317 1835 rem
357 1800 520 1848 gestam
554 1793 672 1834 vobis
713 1793 812 1832 dum
844 1793 1028 1833 breviter
1061 1807 1239 1846 expono,
1274 1806 1428 1846 quaeso
1465 1792 1687 1847 diligenter

88 1860 309 1901 attendite.

149 1925 200 1966 P.
224 1923 392 1965 Clodius
421 1937 547 1977 quum
579 1922 803 1963 statuisset
829 1920 940 1962 omni
969 1920 1124 1961 scelere
1146 1921 1186 1961 in
1208 1926 1404 1976 praetura
1426 1937 1578 1964 vexare
1599 1938 1686 1964 rem

957 2059 987 2088 9.
1005 2059 1035 2087 et
1052 2058 1080 2087 ei
1096 2057 1187 2096 lecti]
1220 2056 1344 2087 Halm's
1363 2057 1554 2096 conjecture.
1592 2058 1630 2088 T.
1648 2058 1687 2089 E.

90 2060 245 2101 proposed
274 2060 327 2089 the
353 2059 447 2089 mode
470 2058 505 2089 of
525 2058 685 2088 selection.
733 2057 791 2087 See
807 2057 866 2088 As‘-

914 2100 944 2130 S.
964 2100 1044 2130 have
1062 2103 1068 2116 ‘
1082 2103 1114 2129 et
1130 2100 1243 2129 electi.'

91 2104 211 2133 conius’
230 2103 463 2133 Introduction.

139 2148 227 2176 Tulit
240 2149 273 2176 ut
288 2144 502 2184 consularem]
553 2144 610 2173 See
626 2143 793 2173 Asconiusy
811 2143 866 2173 In-

90 2190 338 2219 troduction.—‘
352 2189 481 2218 dederas
521 2187 605 2216 enim
619 2186 637 2216 ι’
674 2190 694 2203 “
707 2187 865 2217 Constan-

91 2233 168 2262 tiam
197 2233 234 2262 L.
261 2231 403 2267 Domitii,
428 2240 522 2269 quam
547 2230 579 2259 in
606 2233 752 2269 praetura
776 2239 864 2268 prae-

91 2276 184 2310 stitit,
212 2275 377 2313 significat.
423 2274 507 2303 Nam
535 2282 571 2302 eo
596 2276 739 2312 tempore
766 2283 864 2312 quum

92 2318 152 2348 Cn.
184 2318 325 2347 Manlius
360 2316 433 2347 trib.
470 2315 513 2354 pl.
553 2315 705 2345 subnixus
745 2315 865 2345 liberti-

91 2371 205 2390 norum
236 2364 268 2389 et
299 2369 459 2389 servorum
492 2368 588 2388 manu
618 2359 862 2398 perditissimam

90 2404 193 2441 legem
234 2403 340 2437 ferret,
382 2406 418 2431 ut
454 2401 608 2430 libertinis
646 2402 679 2431 in
717 2401 863 2431 omnibus

91 2446 238 2476 tribubus
264 2445 444 2483 suffragium
477 2448 569 2480 esset,
600 2444 695 2484 idque
725 2454 781 2483 per
810 2448 861 2474 tu-

91 2489 227 2518 multum
253 2492 359 2526 ageret
380 2491 411 2517 et
434 2487 548 2516 clivum
571 2487 785 2526 Capitolinum
805 2487 861 2517 ob-

91 2531 216 2567 sideret,
242 2531 425 2560 discesserat
460 2534 706 2570 perruperatque
737 2534 859 2560 coetum

92 2575 251 2604 Domitius
275 2575 319 2603 ita
341 2577 376 2603 ut
401 2573 492 2602 multi
511 2573 746 2603 Manlianorum
768 2574 863 2603 inter-

90 2618 268 2647 ficerentur.
317 2616 389 2648 Quo
413 2616 495 2645 facto
520 2619 551 2645 et
572 2616 695 2655 plebem
720 2617 860 2646 infimam

90 2660 264 2690 offenderat
283 2662 314 2688 et
338 2664 464 2688 senatus
489 2669 635 2697 magnam
659 2660 789 2697 gratiam
814 2660 862 2688 in-

88 2703 186 2733 ierit”
220 2701 378 2741 (Ascon.).
435 2701 512 2730 This
550 2712 612 2731 was
649 2702 681 2731 in
713 2712 776 2732 13.c.
808 2704 860 2732 58.

90 2745 262 2784 Dionysius
295 2745 417 2783 ‹Antiq.
443 2745 482 2773 iv.
505 2744 560 2781 ⁶22)
587 2754 657 2783 says
688 2745 757 2774 that
789 2745 865 2783 king

91 2789 217 2819 Servius
247 2787 370 2817 Tullius
402 2786 511 2826 placed
548 2787 708 2816 freedmeu
746 2788 777 2817 in
809 2788 863 2817 the

89 2832 159 2861 four
176 2831 324 2861 Urbanae
345 2830 457 2865 tribus,
474 2829 578 2858 where
600 2830 675 2868 they
692 2831 862 2860 continued

88 2875 137 2904 till
168 2874 216 2903 his
247 2874 333 2903 time.
389 2872 517 2912 (Comp.
545 2872 634 2912 Livy,
659 2874 712 2910 45,
743 2883 769 2903 c.
803 2875 856 2910 153

89 2918 210 2953 Cicero,
229 2917 277 2947 De
293 2916 437 2953 Oratore,
455 2915 474 2945 i.
493 2914 540 2955 9.)

955 2144 995 2173 Ρ.
1025 2143 1170 2182 Clodius]
1225 2143 1311 2173 Here
1344 2143 1399 2173 the
1431 2143 1612 2180 ‘narratio‚'
1651 2154 1687 2174 or

911 2189 1082 2216 statement
1103 2187 1139 2216 of
1156 2186 1210 2216 the
1231 2186 1321 2222 facts,
1338 2186 1459 2225 begins,
1476 2197 1510 2216 as
1532 2190 1566 2216 to
1582 2187 1686 2217 which

912 2229 1022 2259 Cicero
1046 2239 1116 2268 says
1133 2229 1197 2269 (De
1214 2229 1270 2259 Or.
1287 2230 1319 2259 ii.
1337 2229 1413 2269 81):
1440 2232 1458 2245 ‘⁴
1473 2230 1534 2259 Sed
1557 2230 1685 2269 quando

910 2272 1064 2301 utendum
1089 2273 1130 2302 sit
1150 2277 1206 2302 aut
1225 2282 1288 2301 non
1313 2273 1354 2302 sit
1376 2273 1567 2308 narratione,
1583 2273 1616 2302 id
1637 2277 1685 2303 est

910 2315 1067 2345 consilii.''
1114 2315 1217 2345 There
1241 2325 1293 2345 are
1314 2325 1399 2345 cases
1419 2316 1510 2345 when
1534 2316 1558 2345 it
1581 2316 1607 2345 is
1628 2320 1685 2346 not

909 2368 1084 2397 necessary.
1132 2359 1183 2388 He
1213 2368 1283 2397 says
1309 2358 1424 2388 “Nam
1455 2359 1494 2388 ad
1526 2368 1683 2388 summam

908 2402 1005 2430 totius
1044 2411 1170 2431 caussae
1207 2401 1346 2441 pertinet
1382 2405 1473 2430 caute
1499 2411 1539 2430 an
1571 2405 1683 2431 contra

907 2444 1122 2474 demonstrata
1146 2454 1195 2474 res
1220 2445 1270 2480 sit,
1299 2444 1383 2483 quod
1406 2444 1508 2474 omnis
1532 2444 1683 2474 orationis

907 2488 1044 2527 reliquae
1084 2487 1153 2516 fons
1191 2491 1239 2517 est
1276 2486 1449 2517 narratio.’'
1508 2487 1683 2520 Quintilian

907 2530 976 2560 tells
1007 2540 1044 2560 us
1072 2530 1155 2560 what
1185 2531 1212 2560 is
1241 2530 1296 2559 the
1328 2529 1439 2559 ‘ordo'
1463 2530 1496 2559 in
1526 2530 1582 2559 the
1614 2529 1682 2568 ‘ju-

910 2573 1036 2603 diciales
1066 2573 1215 2603 caussae.'
1262 2573 1344 2603 First
1374 2582 1479 2602 comes
1505 2573 1560 2602 the
1588 2573 1679 2602 Proe-

909 2617 1017 2652 mium,
1037 2617 1114 2645 then
1140 2616 1194 2646 the
1221 2616 1380 2651 Narratio,
1397 2615 1433 2645 of
1453 2615 1553 2645 which
1579 2615 1680 2648 Quin-

908 2660 995 2688 tilian
1013 2663 1109 2689 treats
1125 2669 1198 2698 very
1213 2659 1291 2698 fully
1311 2657 1365 2698 (iv.
1384 2660 1429 2696 2).
1477 2657 1681 2691 Quintilian’s

906 2702 974 2731 rule
996 2702 1038 2731 is:
1069 2702 1220 2731 “Omnia
1238 2702 1269 2731 dt
1279 2702 1374 2740 nique
1395 2711 1475 2740 quae
1496 2700 1681 2739 probatione

910 2745 1040 2774 tracturi
1064 2755 1184 2781 sumuS,
1201 2754 1378 2783 personam,
1395 2753 1546 2779 caussam,
1563 2743 1679 2778 locum,

909 2792 1046 2826 tempus,
1081 2788 1340 2822 instrumentum,
1376 2787 1571 2816 occasionem
1606 2795 1679 2814 nar-

907 2831 1029 2860 ratione
1045 2830 1280 2860 delibabimus’'
1300 2829 1439 2869 (Halm).
1478 2828 1546 2857 The
1559 2827 1680 2857 Auctor

903 2873 942 2902 ad
968 2873 1166 2903 Herennium
1181 2873 1215 2912 (i.
1233 2883 1259 2903 c.
1276 2872 1311 2912 3)
1325 2871 1443 2901 divides
1459 2871 1514 2900 the
1530 2870 1679 2900 Iuventio

904 2916 970 2946 into
1001 2916 1047 2946 six
1078 2919 1183 2955 parts:
1222 2914 1401 2945 “Inventio
1426 2913 1458 2943 in
1490 2923 1544 2943 sex
1575 2916 1679 2953 partes
