1816 3211
112 176 194 217 604
266 174 446 217 ORAT.
479 172 993 216 PHILIPPIGAR-UM
1028 172 1216 213 LIBER
1247 171 1548 214 OCTAVUS.

111 288 199 330 sine
220 289 430 337 tumultu;
465 289 672 330 tumultus
694 302 787 328 esse
809 286 897 327 sine
917 286 1025 326 bello
1046 300 1129 326 non
1151 289 1306 339 potest.
1368 285 1478 337 Quid
1505 290 1570 327 est
1591 285 1700 327 enim

111 354 223 394 aliud
245 355 451 395 tumultus
471 353 550 393 nisi
572 352 836 408 perturbatio
857 356 979 392 tanta
999 356 1047 391 ut
1073 350 1205 404 majOr
1226 350 1353 390 timor
1374 350 1558 392 oriatur?
1590 351 1702 390 unde

111 419 239 460 etiam
280 433 430 459 nomen
463 419 638 458 ductum
679 421 745 457 est
784 415 1003 456 tumultus.
1066 415 1218 470 Itaque
1252 415 1434 469 majores
1465 415 1597 456 nostri
1636 420 1702 456 tu-

111 485 289 524 multum
317 483 518 529 [talicum,
542 481 652 536 quod
683 485 774 521 erat
806 479 1075 528 domesticus,
1098 479 1326 520 tumultum
1348 479 1568 528 Gallicum,
1592 480 1702 534 quod

112 555 203 589 erat
246 547 394 588 Italiae
434 546 648 595 finitimus,
691 550 911 601 praeterea
959 545 1117 585 nullum
1169 544 1455 585 nominabant.
1524 543 1702 585 Gravius

110 617 252 653 autem
274 611 500 652 tumultum
521 625 612 651 esse
634 625 759 665 quam
781 610 947 660 bellum,
971 610 1067 650 hinc
1088 609 1264 664 intelligi
1286 613 1438 664 potest,
1464 609 1574 663 quod
1597 609 1701 650 bello

110 676 349 718 vacationes
390 676 543 726 valent,
576 676 761 717 tumultu
801 689 884 716 non
924 674 1077 715 valent.
1147 674 1216 715 Ita
1255 674 1316 723 fit,
1354 674 1702 729 quemadmodum

110 741 208 791 dixi,
232 745 280 782 ut
310 741 464 781 bellum
494 741 583 781 sine
611 740 796 782 tumultu
826 739 973 795 possit,
997 739 1205 780 tumultus
1237 739 1325 780 sine
1357 739 1464 779 bello
1496 753 1588 780 esse
1619 754 1702 780 non

109 805 256 860 possit.
320 805 492 846 Etenim
528 820 656 860 quum
691 806 800 846 inter
834 804 988 845 bellum
1020 809 1064 845 et
1095 804 1457 859 pacemniedium
1491 804 1593 845 nihil
1633 804 1700 854 sit,

109 884 280 911 necesse
311 875 376 910 est
405 870 647 920 tumultum,
681 870 715 910 si
746 869 843 910 belli
873 884 956 910 non
987 869 1055 919 sit,
1089 869 1204 923 pacis
1234 883 1352 918 esse3
1388 884 1469 924 quo
1502 868 1601 924 quid
1631 869 1703 910 ab·

110 935 274 976 surdius
305 935 387 975 dici
418 940 494 976 aut
525 935 755 976 existimari
785 935 957 989 potest?
1020 933 1104 974 Sed
1139 933 1262 974 nimis
1294 934 1426 974 multa
1460 934 1510 974 de
1546 934 1699 976 verbo:

109 1015 196 1041 rem
236 1000 375 1055 potius
408 1000 633 1050 videamus,
677 1004 818 1054 patres
859 998 1098 1053 conscripti,
1142 1013 1268 1053 quam
1308 999 1475 1053 quidem
1511 998 1702 1054 intelligo

109 1066 234 1106 verbo
265 1064 355 1105 fieri
386 1065 595 1105 interdum
626 1065 876 1105 deteriorem
907 1064 1056 1105 solere.
1119 1063 1181 1104 ΙΙ.
1214 1063 1417 1104 Nolumus
1439 1064 1518 1104 hoc
1549 1064 1703 1104 bellum

109 1129 253 1171 videri.
316 1130 451 1181 Quam
484 1129 616 1183 igitur
647 1129 886 1184 municipiis
919 1134 964 1169 et
994 1128 1165 1169 coloniis
1196 1129 1249 1168 ad
1280 1129 1584 1169 excludendum
1613 1129 1702 1168 An-

109 1194 270 1236 tonium
301 1194 602 1235 auctoritatem
634 1195 807 1234 damus?
840 1208 966 1249 quam
996 1197 1044 1233 ut
1076 1192 1230 1234 milites
1265 1193 1371 1233 fiant
1406 1193 1495 1234 sine
1527 1193 1578 1242 vi,
1613 1193 1703 1234 sine

108 1259 280 1309 mulcta,
316 1259 456 1299 studio
488 1264 532 1300 et
559 1259 804 1300 voluntate?
838 1274 962 1314 quam
993 1264 1042 1300 ut
1072 1258 1268 1314 pecunias
1299 1258 1341 1298 in
1373 1273 1461 1299 rem
1495 1258 1703 1313 publicam

108 1324 411 1379 polliceantur?
473 1324 517 1364 Si
550 1324 660 1364 enim
694 1324 790 1364 belli
826 1339 979 1365 nomen
1004 1323 1188 1373 tolletur,
1218 1323 1536 1378 municipiorum
1562 1323 1703 1364 studia

108 1388 334 1436 tollentur,
371 1403 597 1430 consensus
618 1389 760 1444 populi
783 1389 976 1438 Romani,
995 1388 1065 1444 qui
1082 1389 1171 1443 jam
1197 1388 1414 1429 descendit
1434 1388 1476 1430 in
1498 1403 1699 1438 caussam,

109 1454 145 1494 si
180 1468 257 1494 nos
289 1453 609 1509 languescimus,
647 1454 890 1496 debilitetur
925 1469 1097 1495 necesse
1138 1458 1218 1495 est.
1296 1453 1380 1494 Sed
1420 1453 1518 1508 quid
1559 1453 1702 1508 plura?

110 1518 165 1559 D.
189 1518 352 1559 Brutus
386 1525 678 1574 oppugnatur:
715 1534 799 1560 non
831 1525 897 1560 est
931 1519 1112 1560 bellum?
1174 1518 1345 1559 Mutina
1376 1518 1616 1560 obsidetur:
1650 1533 1702 1558 ne

109 1584 188 1624 hoc
222 1583 387 1638 quidem
421 1584 574 1624 bellum
607 1585 702 1625 est?
763 1584 901 1625 Gallia
931 1589 1150 1625 vastatur:
1188 1598 1294 1638 quae
1324 1598 1407 1638 pax
1439 1588 1581 1638 potest
1612 1598 1702 1625 esse

109 1649 289 1690 certior?
351 1639 460 1688 sllud
488 1663 585 1690 vero
619 1649 712 1704 quis
745 1654 888 1704 potest
930 1650 1084 1690 bellum
1118 1663 1209 1689 esse
1241 1648 1406 1689 dicere?
1467 1648 1700 1697 Consulem,

108 1713 382 1754 fortissimum
403 1713 547 1761 virum,
571 1728 664 1754 cum
687 1714 874 1755 exercitu
896 1714 1094 1763 misimus,
1119 1713 1188 1767 qui
1219 1727 1348 1768 quum
1377 1717 1489 1753 esset
1513 1712 1702 1753 infirmus

111 1793 163 1818 ex
183 1777 299 1831 gravi
321 1777 601 1832 diuturnoque
622 1779 783 1825 morbo,
807 1778 961 1818 nullam
982 1778 1060 1818 sibi
1089 1777 1255 1832 putavit
1276 1777 1588 1818 excusationem
1610 1792 1702 1819 esse

111 1846 316 1896 oportere,
340 1855 465 1895 quum
497 1842 551 1880 ad
581 1841 639 1882 rei
671 1842 860 1896 publicae
892 1841 1143 1896 praesidium
1173 1846 1405 1882 vocaretur.
1468 1841 1514 1882 O.
1537 1842 1703 1896 quidem

112 1907 266 1948 Caesar
305 1920 387 1945 non
429 1906 689 1959 exspectavit
730 1911 870 1948 vestra
914 1907 1094 1957 decreta,
1137 1907 1389 1962 praesertim
1436 1921 1564 1961 quum
1604 1907 1705 1948 illud

112 1976 225 2013 esset
254 1970 431 2012 aetatis:
466 1971 621 2011 bellum
653 1976 802 2012 contra
834 1971 1070 2013 Antonium
1101 1987 1177 2013 sua
1208 1978 1359 2026 sponte
1391 1971 1601 2026 suscepit3
1636 1972 1704 2012 de-

112 2085 202 2116 esse.’
258 2086 288 2115 D
315 2086 371 2116 has
410 2088 417 2102 ‘
433 2086 500 2115 sine
537 2086 689 2122 tumultu,
728 2086 885 2116 tumultus
929 2096 1041 2116 reason
1067 2086 1117 2116 for
1142 2087 1198 2116 the
1225 2086 1355 2125 change,
1380 2087 1503 2127 though
1527 2087 1552 2117 it
1575 2087 1600 2117 is
1618 2087 1704 2126 plain

112 2128 203 2159 esse!
250 2128 282 2158 It
299 2139 371 2168 may
394 2129 433 2158 be
450 2129 516 2159 said
532 2129 601 2158 that
618 2129 671 2159 the
688 2129 818 2168 reading
835 2133 842 2146 ‘
854 2133 890 2159 ut
932 2130 1003 2159 that
1019 2133 1026 2146 ⁴
1039 2130 1195 2159 tumultus
1209 2129 1215 2141 '
1234 2130 1378 2159 contains
1389 2130 1443 2160 the
1454 2133 1524 2160 root
1535 2130 1570 2160 of
1582 2134 1589 2147 ‘
1601 2134 1704 2160 tume-

112 2171 268 2201 tumultus
293 2182 358 2201 non
376 2172 416 2202 sit
429 2172 437 2185 '
455 2173 480 2202 is
497 2175 553 2201 not
565 2172 717 2211 probably
733 2172 788 2201 the
804 2172 890 2202 work
931 2172 987 2202 re.'
1034 2173 1111 2202 This
1136 2182 1266 2212 passage
1286 2173 1311 2202 is
1335 2173 1390 2202 the
1413 2174 1574 2213 authority
1589 2173 1637 2203 for
1651 2173 1706 2202 the

113 2214 150 2244 of
161 2225 200 2243 an
216 2215 433 2254 interpolator.
481 2215 512 2244 It
528 2215 554 2244 is
575 2215 759 2254 impossible
780 2219 812 2245 to
836 2225 890 2255 say
932 2216 1081 2254 meaning
1097 2216 1132 2245 of
1151 2215 1205 2245 the
1221 2219 1301 2245 term
1319 2218 1326 2231 ⁴
1340 2216 1519 2245 tumultus!

113 2257 198 2286 what
220 2258 246 2287 is
273 2258 327 2287 the
358 2258 494 2296 genuine
521 2261 600 2294 text,
632 2257 690 2287 but
721 2262 727 2273 ‘
741 2258 809 2288 sine
838 2262 889 2288 tu·
977 2259 1062 2297 quod
1086 2258 1181 2297 bello]
1219 2261 1226 2274 ⁴
1239 2258 1323 2298 quod
1352 2259 1385 2288 in
1416 2258 1498 2289 bello
1512 2258 1520 2272 '
1552 2258 1703 2288 Isidorus.

114 2299 217 2328 multu
232 2300 239 2313 '
256 2300 282 2329 is
299 2300 410 2339 simple
426 2301 488 2330 and
503 2301 573 2330 well
589 2301 728 2340 opposed
746 2304 780 2330 to
803 2304 810 2318 ⁴
823 2301 891 2331 sine
932 2300 962 2328 V
978 2301 1055 2330 adds
1081 2304 1088 2318 ‘
1105 2301 1215 2330 Italico
1229 2300 1236 2313 ’
1262 2301 1324 2330 and
1354 2302 1383 2331 D
1418 2302 1495 2331 adds
1530 2304 1537 2318 ‘
1551 2301 1670 2332 Gallico
1685 2300 1705 2337 3’

114 2341 220 2371 bello.’
268 2343 367 2372 What
389 2343 428 2372 he
453 2353 522 2383 says
547 2344 627 2373 after
652 2353 753 2373 seems
767 2348 799 2373 to
816 2353 890 2373 con·
933 2343 991 2373 but
1007 2343 1107 2373 either
1122 2343 1207 2373 word
1224 2344 1250 2373 is
1266 2344 1510 2383 inappropriate.

115 2385 186 2413 firm
202 2385 256 2414 the
272 2385 401 2424 reading
418 2389 424 2402 ‘
439 2387 505 2416 sine
521 2386 685 2422 tumultu‚⁷
699 2386 747 2416 for
763 2386 803 2416 he
820 2396 890 2425 says
977 2389 1005 2416 2.
1030 2387 1206 2425 IVolvmus]
1239 2387 1392 2416 ‘nolimus
1406 2387 1413 2399 '
1432 2388 1471 2423 V,
1488 2387 1590 2416 which
1608 2387 1702 2417 Grae-

117 2427 402 2465 ‘quemadmodum
430 2429 503 2465 dixi,
535 2432 571 2459 ut
597 2429 716 2459 bellum
745 2429 812 2459 sine
839 2433 890 2459 tu-

116 2470 219 2498 multu
236 2470 355 2508 possit‚’
374 2474 429 2500 &c.

165 2513 251 2547 Quid
276 2515 321 2541 est
347 2514 428 2542 enim
453 2537 460 2544 .
479 2536 486 2543 .
505 2536 512 2543 .
542 2514 716 2553 tumultus]
766 2516 785 2531 “
806 2514 890 2547 Quid

119 2554 205 2584 enim
221 2558 268 2584 est
284 2555 367 2584 aliud
385 2578 392 2584 .
411 2578 418 2585 .
437 2579 443 2585 .
460 2557 618 2587 tumultus
633 2557 650 2570 ³'
670 2556 820 2596 (Quintil.
838 2558 889 2587 vii.

117 2598 147 2633 3,
161 2597 229 2637 25),
247 2597 363 2636 quoted
377 2608 410 2627 as
423 2609 463 2627 an
479 2599 621 2629 instance
634 2600 670 2629 of
679 2600 889 2639 Etymologia.

117 2640 207 2669 Dusa
231 2640 368 2677 thought
398 2641 466 2670 that
481 2652 527 2671 we
544 2643 642 2681 ought
667 2646 700 2672 to
722 2642 795 2672 read
817 2643 891 2672 here

118 2683 240 2721 ‘major
272 2682 401 2712 tumor)
447 2684 479 2713 J.
512 2685 550 2714 G.
581 2685 712 2715 Vossius
750 2685 890 2715 remarks

116 2725 186 2755 that
213 2725 324 2755 Cicero
350 2724 416 2764 (Ad
432 2725 501 2755 Att.
526 2727 587 2756 xiv.
604 2729 638 2765 4)
663 2737 735 2757 uses
758 2728 813 2757 the
836 2738 890 2758 ex-

116 2768 261 2807 pression
292 2771 299 2784 ‘
316 2771 441 2797 tument
478 2770 626 2807 negotia‚’
661 2770 765 2800 where
794 2771 835 2800 he
864 2771 890 2801 is

117 2811 271 2850 speaking
286 2810 321 2840 of
340 2810 394 2839 the
418 2813 498 2840 state
524 2811 559 2840 of
578 2812 681 2842 affairs
704 2813 786 2842 after
811 2813 890 2843 Cae-

118 2853 197 2883 sar’s
223 2852 458 2889 assassination,
487 2854 549 2882 and
574 2855 607 2883 in
631 2864 681 2884 xv.
708 2858 726 2885 5
755 2856 795 2886 he
820 2866 890 2895 says

118 2896 225 2926 ‘hunc
248 2905 352 2926 rerum
381 2895 560 2925 tumorem.’
615 2897 680 2927 But
709 2898 772 2928 this
798 2898 825 2928 is
849 2908 890 2928 no

934 2428 1002 2458 vius
1027 2429 1168 2468 explains
1192 2429 1251 2459 ‘sit
1266 2429 1309 2459 ita
1325 2439 1384 2459 nos
1410 2430 1495 2460 nolle
1517 2429 1635 2460 bellum
1651 2439 1704 2459 vo-

934 2471 1081 2502 care.'—‘
1096 2472 1163 2501 sine
1193 2472 1311 2502 mulcta
1323 2471 1342 2502 ε’
1382 2473 1412 2502 D
1443 2473 1499 2502 has
1530 2476 1537 2489 ‘
1552 2473 1618 2502 sine
1652 2475 1704 2502 tu-

934 2514 1059 2544 multu!
1106 2515 1171 2544 But
1188 2518 1195 2531 ‘
1207 2516 1274 2544 sine
1290 2515 1430 2552 mulcta,’
1449 2518 1456 2531 ‘
1469 2516 1602 2545 without
1617 2514 1703 2550 fine,'

933 2557 959 2586 is
982 2557 1037 2587 the
1061 2559 1227 2596 meaning:
1252 2558 1478 2597 “cogebantur
1493 2559 1575 2588 enim
1599 2558 1645 2588 ire
1666 2558 1706 2587 ad

934 2600 1077 2630 militiam
1104 2600 1154 2630 vel
1180 2610 1237 2639 per
1263 2601 1337 2637 vim,
1365 2601 1415 2630 vel
1441 2601 1524 2640 quia,
1553 2601 1579 2631 si
1602 2601 1706 2630 minus

934 2642 1026 2677 irent,
1074 2643 1301 2673 multabantur.
1363 2643 1402 2673 Id
1440 2644 1570 2679 accidet,
1603 2644 1707 2683 inquit

935 2685 1056 2722 Cicero,
1074 2686 1099 2715 si
1115 2686 1233 2715 bellum
1260 2696 1324 2715 non
1349 2686 1526 2722 videbitur;
1551 2687 1599 2716 sin
1620 2686 1705 2716 vide-

933 2727 1029 2764 bitur,
1047 2728 1139 2758 ibunt
1154 2729 1187 2758 in
1203 2728 1346 2758 militiam
1367 2729 1470 2758 studio
1487 2732 1518 2758 et
1533 2729 1705 2764 voluntate,

933 2780 998 2800 non
1015 2771 1044 2800 vi
1060 2775 1091 2801 et
1106 2771 1207 2800 multa
1222 2772 1320 2801 coacti
1334 2770 1353 2784 '¹
1372 2771 1578 2810 (Manutius).

977 2815 1060 2843 illud
1075 2817 1154 2844 esset
1176 2814 1306 2853 aetatis]
1335 2816 1342 2830 ‘
1356 2823 1390 2844 so
1405 2814 1534 2853 young!
1581 2814 1621 2844 It‘
1633 2824 1705 2852 may

933 2866 1025 2886 mean
1041 2856 1093 2886 old
1109 2859 1172 2893 too,
1193 2856 1220 2886 if
1241 2857 1296 2886 the
1322 2860 1451 2886 context
1474 2856 1612 2896 requires
1636 2856 1706 2886 that

933 2908 1036 2936 sense,
1052 2909 1086 2929 as
1101 2899 1135 2929 in
1151 2899 1240 2930 Verr.
1257 2899 1289 2929 ii.
1307 2901 1337 2936 2,
1354 2909 1380 2930 c.
1397 2901 1450 2936 37,
1471 2900 1533 2930 and
1548 2899 1603 2930 the
1617 2902 1703 2929 note.
