1816 3211
729 193 863 235 CAP.
895 194 974 233 4——
984 193 1022 234 6.
1595 193 1676 233 409

82 307 332 354 attenditis3
366 322 434 348 res
470 307 580 348 enim
610 321 659 348 eo
689 311 856 362 spectat
884 311 934 347 ut
961 321 1010 347 ea
1030 320 1178 360 poena,
1202 305 1244 345 in
1266 319 1348 360 qua
1376 305 1511 345 adhuc
1535 305 1585 356 Q.
1611 305 1678 345 Li-

82 374 225 429 garius
246 373 313 423 sit,
332 388 416 413 non
438 373 657 414 videamini
679 387 771 413 esse
793 371 994 412 contenti.
1038 371 1154 422 Quae
1177 375 1242 411 est
1264 370 1391 425 igitur
1411 370 1490 410 alia
1512 375 1680 424 praeter

84 439 288 480 mortem?
350 439 393 479 Si
416 438 523 479 enim
547 438 669 479 estin
684 438 842 488 exsilic,
867 437 992 478 sicuti
1014 442 1092 485 est,
1112 436 1211 491 quid
1232 436 1410 490 amplius
1431 435 1681 490 postulatis?

84 504 156 544 An
177 519 228 544 ne
250 504 518 558 ignoscatur?
580 504 676 544 Hoc
698 518 795 544 vero
823 503 955 544 multo
986 502 1178 543 acerbius
1199 502 1413 555 multoque
1436 507 1500 540 est
1523 499 1680 540 durius.

86 570 209 622 Quod
240 584 317 609 nos
344 568 496 623 [domi]
522 569 703 623 petimus
730 568 937 622 precibus,
973 567 1164 615 lacrimis,
1203 566 1327 607 strati
1350 566 1402 606 ad
1424 566 1565 620 pedes,
1598 579 1682 605 non

84 639 173 675 tam
205 639 375 674 nostrae
404 648 577 674 caussae
610 633 788 673 fidentes
817 647 941 687 quam
973 632 1098 686 hujus
1129 631 1393 680 humanit-ati,
1419 631 1459 670 id
1481 645 1531 670 ne
1554 629 1683 684 impe-

85 704 244 740 tremus
272 697 547 752 oppugnabis,
571 702 614 738 et
636 697 676 737 in
699 702 890 738 nostrum
915 697 1060 737 fletum
1089 696 1307 750 irrumpes,
1333 700 1376 736 et
1397 710 1472 735 nos
1490 695 1684 749 jacentes

84 764 138 804 ad
173 763 302 818 pedes
338 762 571 817 supplicum
607 776 707 802 voce
743 762 1013 816 prohibebis?
1075 761 1119 801 Si
1153 775 1280 815 quum
1314 761 1393 801 hoc
1430 760 1539 800 domi
1573 761 1684 801 face-

85 843 238 876 remus,
281 828 392 882 quod
427 832 470 867 et
503 826 689 875 fecimus,
732 832 788 876 et,
826 832 874 867 ut
915 841 1051 881 spero,
1090 841 1174 866 non
1213 826 1370 866 frustra
1411 825 1601 873 fecimus,
1636 830 1683 865 tu

86 899 259 948 repente
284 892 506 947 irrupisses
528 899 571 933 et
592 892 773 932 clamare
805 892 1040 946 coepisses:
1076 892 1122 932 O.
1147 891 1315 939 Caesar,
1346 905 1444 930 cave
1476 890 1683 944 ignoscas,

87 973 186 999 cave
218 964 260 998 te
291 958 467 997 fratrum
494 972 568 1011 pro
605 956 748 998 fratris
781 957 916 997 salute
949 957 1258 997 obsecrantium
1293 956 1516 996 misereat:
1551 969 1686 994 nonne

87 1037 253 1063 omnem
273 1021 580 1062 humanitatem
602 1022 816 1063 exuisses?
878 1022 1048 1073 Quanto
1071 1022 1151 1061 hoc
1173 1020 1328 1068 durius,
1348 1020 1455 1074 quod
1478 1034 1554 1059 nos
1576 1018 1687 1059 domi

86 1088 278 1143 petimus,
303 1087 345 1128 id
366 1092 409 1128 te
431 1087 471 1127 in
499 1087 589 1128 foro
622 1101 861 1142 oppugnare
884 1093 927 1127 et
949 1087 989 1126 in
1021 1086 1097 1127 tali
1129 1085 1298 1126 miseria
1336 1085 1563 1126 multorum
1595 1099 1689 1139 per-

87 1153 245 1207 fugium
267 1152 579 1193 misericordiae
600 1152 774 1193 tollere?
820 1152 970 1192 Dicam
991 1152 1127 1206 plane,
1153 1150 1200 1191 C.
1217 1149 1383 1199 Caesar,
1405 1150 1516 1205 quod
1538 1149 1687 1191 sentio.

91 1218 135 1257 Si
158 1217 199 1257 in
220 1217 297 1257 hac
318 1221 441 1257 tanta
469 1221 542 1257 tua
562 1216 731 1257 fortuna
752 1217 904 1258 lenitas
925 1221 1048 1257 tanta
1068 1231 1151 1256 non
1173 1220 1296 1263 esset,
1321 1230 1444 1270 quam
1467 1220 1514 1256 tu
1536 1230 1609 1269 per
1630 1220 1686 1264 te,

90 1296 164 1337 per
194 1286 249 1331 te,
274 1282 455 1336 inquam,
486 1281 900 1336 obtines—intelligo
936 1281 1035 1335 quid
1068 1280 1544 1335 loquar—acerbissimo
1572 1280 1688 1320 luctu

91 1347 345 1388 redundaret
373 1346 455 1387 ista
484 1345 672 1386 victoria.
734 1346 870 1398 Quam
904 1346 1025 1386 multi
1062 1345 1172 1386 enim
1203 1351 1346 1386 essent
1377 1345 1427 1385 de
1459 1345 1690 1386 victoribus

91 1412 161 1467 qui
185 1417 228 1453 te
257 1411 467 1452 crudelem
500 1425 591 1451 esse
626 1411 789 1459 vellent,
826 1425 952 1465 quum
989 1410 1117 1451 etiam
1153 1411 1203 1451 de
1239 1410 1360 1450 victis
1396 1409 1686 1464 reperiantur!

93 1492 218 1533 quam
254 1476 385 1525 multi,
427 1475 536 1531 [qui]
571 1490 697 1530 quum
725 1490 749 1516 a
786 1481 827 1516 te
864 1475 1015 1515 nemini
1045 1475 1206 1529 ignosci
1238 1475 1403 1521 vellent,
1440 1474 1690 1529 impedirent

93 1541 355 1583 elementiam
395 1545 524 1590 tuam,
568 1556 694 1595 quum
735 1540 863 1582 etiam
915 1540 956 1580 hi
999 1540 1148 1595 quibus
1194 1540 1281 1594 ipse
1320 1540 1516 1595 ignovisti
1558 1540 1691 1581 nolint

92 1613 136 1649 te
157 1621 248 1647 esse
270 1606 310 1646 ir.
341 1606 444 1646 alios
475 1606 784 1646 misericordem
804 1606 812 1644 l
877 1605 998 1656 Quod
1022 1606 1055 1645 si
1079 1606 1254 1660 probare
1287 1604 1452 1645 Caesari
1475 1619 1692 1660 possemus

93 1672 135 1713 in
161 1671 307 1711 Africa
340 1670 554 1725 Ligarium
587 1670 753 1711 omnino
789 1685 871 1710 non
904 1670 1043 1718 fuisse,
1084 1669 1118 1710 si
1147 1670 1324 1711 honesto
1363 1675 1404 1710 et
1436 1670 1692 1711 misericordi

93 1736 309 1778 mendacio
342 1736 467 1776 saluti
499 1736 575 1776 civi
607 1734 852 1776 calamitoso
890 1748 981 1774 esse
1005 1734 1213 1782 vellemus,
1238 1739 1377 1774 tamen
1400 1734 1578 1775 hominis
1610 1749 1692 1775 non

94 1807 206 1843 esset
235 1802 278 1842 in
309 1806 428 1842 tanto
460 1800 697 1841 discrimine
719 1805 763 1840 et
793 1799 979 1854 periculo
1011 1799 1112 1840 civis
1142 1799 1332 1839 refellere
1365 1804 1408 1839 et
1439 1800 1693 1854 redarguere

94 1872 287 1909 nostrum
309 1866 584 1915 mendacium,
615 1871 657 1907 et
686 1865 720 1905 si
749 1869 862 1906 esset
886 1864 1074 1919 alicujus,
1109 1864 1199 1918 ejus
1224 1871 1338 1905 certe
1372 1879 1455 1904 non
1485 1869 1598 1905 esset
1624 1864 1693 1919 qui

95 1933 134 1973 in
170 1932 317 1973 eadem
346 1946 495 1972 caussa
527 1936 571 1972 et
603 1931 774 1972 fortuna
806 1929 968 1970 fuisset.
1032 1929 1116 1970 Sed
1138 1934 1278 1970 tamen
1308 1929 1420 1969 aliud
1457 1935 1523 1971 est
1556 1944 1694 1970 errare

98 1998 319 2037 Caesarem
354 1996 473 2045 nolle,
498 1995 609 2036 aliud
644 2000 711 2036 est
743 1995 850 2035 nolle
886 1994 1087 2034 misereri.
1151 1993 1269 2034 Tunc
1302 1994 1488 2034 diceres:
1525 1994 1692 2045 Caesar,

98 2076 196 2102 cave
232 2060 405 2107 credas3
455 2060 535 2101 fuit
574 2060 615 2100 in
654 2059 801 2100 Africa
838 2057 1109 2114 [Ligarius];
1159 2059 1257 2100 tulit
1296 2074 1411 2099 arma
1453 2069 1601 2100 contra
1638 2065 1695 2101 te.

101 2126 222 2166 Nunc
245 2125 343 2180 quid
372 2125 501 2166 dieis?
562 2124 672 2166 Cave
706 2125 913 2179 ignoscas.
977 2124 1098 2164 Haec
1129 2138 1205 2164 nec
1239 2124 1419 2164 hominis
1451 2139 1526 2165 nec
1549 2125 1601 2165 ad
1623 2125 1695 2165 ho-

100 2191 252 2231 minem
285 2205 365 2230 vox
397 2194 475 2238 est,
512 2203 592 2244 qua
626 2189 695 2244 qui
728 2190 838 2244 apud
870 2194 925 2238 te,
963 2188 1010 2229 O.
1035 2188 1201 2239 Caesar,
1238 2189 1384 2239 utitur,
1420 2204 1538 2230 suain
1571 2190 1695 2232 citius

100 2255 270 2309 abjiciet
291 2254 595 2295 humanitatem
618 2269 740 2309 quam
763 2254 1030 2308 extorquebit
1051 2261 1180 2294 tuam.

161 2319 242 2360 VI.
277 2319 343 2359 Ac
376 2319 534 2373 primus
560 2319 701 2360 aditus
726 2325 769 2359 et
800 2318 1029 2373 postulatio
1054 2317 1289 2359 Tuberonis
1315 2318 1429 2368 haec,
1454 2325 1501 2360 ut
1534 2320 1692 2374 opinor,

149 2452 267 2491 [domi]
282 2452 439 2492 polimus]
458 2453 707 2492 ‘domipotiums
719 2453 726 2466 ’
745 2452 875 2483 G.E.C.
968 2453 1005 2482 Si
1022 2453 1054 2482 ιή
1071 2454 1131 2483 hac
1148 2456 1238 2484 lanta
1257 2477 1263 2483 .
1279 2477 1285 2483 .
1301 2476 1308 2483 .
1326 2454 1404 2492 quid
1419 2454 1549 2492 loquar]
1570 2452 1695 2486 Quotod

103 2495 259 2525 Fabi-ilius
296 2495 357 2525 and
395 2496 501 2525 others
532 2496 633 2525 would
667 2496 768 2526 either
805 2495 877 2525 read
921 2494 960 2534 by
977 2496 1150 2528 Quintilian
1167 2496 1364 2536 (viii.3.ss5),
1379 2497 1448 2525 who
1461 2497 1515 2526 lius
1530 2494 1695 2529 ¹Qn‹u1si‚'

104 2542 111 2554 ⁸
123 2538 208 2567 domi
234 2538 404 2577 potiimus,'
429 2549 464 2567 or
487 2538 560 2577 they
579 2539 680 2567 would
698 2548 784 2568 eraso
802 2539 876 2567 ⁴110-
923 2541 979 2568 διο.
1026 2538 1202 2571 Quintilian
1227 2540 1280 2569 lius
1296 2541 1362 2569 also
1387 2544 1392 2556 ⁸
1408 2550 1501 2579 (fluam
1520 2544 1553 2568 tu
1572 2550 1626 2578 per
1642 2544 1672 2568 le
1687 2538 1694 2551 ¹

104 2581 169 2610 mi.’
195 2581 264 2610 The
281 2581 364 2610 word
382 2581 504 2611 ‘domi'
522 2581 878 2611 occursal'to1·wards.—-
922 2581 996 2610 with
1025 2582 1063 2611 G.
1091 2582 1128 2611 E.
1157 2583 1193 2612 C.
1239 2583 1306 2612 Tlie
1335 2583 1457 2622 printed
1489 2582 1587 2611 books
1619 2582 1696 2611 liare

104 2629 111 2640 ¹
125 2623 321 2662 oppugnabis
334 2623 352 2653 :'
390 2634 482 2663 many
510 2624 642 2654 editions
670 2624 748 2654 have
779 2628 785 2641 ‘
801 2634 877 2663 pug-
922 2625 1080 2664 generally
1105 2629 1112 2642 ⁴
1127 2629 1276 2665 quantam
1294 2630 1327 2655 tu
1346 2636 1400 2664 por
1416 2625 1473 2655 tu.’
1523 2626 1584 2654 But
1609 2634 1696 2653 some

105 2667 218 2696 nabis.y
922 2667 1056 2696 editions
1089 2668 1124 2697 of
1162 2669 1335 2701 Quintilian
1374 2668 1452 2698 linvo
1497 2665 1694 2707 ‘quatimur'

152 2711 276 2745 Qmmlo
309 2710 367 2738 hoe
385 2732 391 2738 .
412 2731 418 2738 .
438 2731 444 2738 .
463 2709 547 2738 dumi
574 2709 728 2748 petimus]
767 2710 798 2739 lt
824 2710 878 2739 lias
922 2709 1000 2739 This
1016 2710 1041 2739 is
1057 2711 1146 2749 given
1171 2711 1211 2750 by
1230 2711 1403 2744 Quintilian
1429 2721 1462 2740 as
1487 2721 1525 2740 an
1553 2709 1695 2747 example

105 2752 184 2782 been
214 2752 366 2791 proposed
396 2756 427 2780 to
455 2751 574 2788 change
605 2752 760 2790 ‘petimus
773 2752 780 2764 ’
812 2753 878 2782 into
923 2753 959 2781 of
970 2758 976 2768 ¹
991 2754 1192 2792 ευριπ-955103
1233 2755 1281 2784 lle
1290 2765 1370 2793 says,
1383 2758 1401 2770 ‘¹
1414 2754 1509 2783 tacuit
1522 2753 1603 2782 cuim
1619 2752 1694 2780 illud

105 2800 112 2812 ‘
126 2795 292 2834 petiimu5‚'
309 2795 439 2824 because
454 2794 514 2823 llus
532 2794 643 2833 speech
661 2804 721 2824 was
739 2795 828 2825 made
844 2796 874 2825 in
924 2795 1006 2835 quod
1020 2797 1224 2826 nihilominus
1240 2798 1501 2836 a(·ct·pi=11us,1ion
1519 2796 1624 2823 ‹li-osso
1639 2794 1693 2821 lio-

104 2838 158 2868 tlie
185 2838 296 2867 forum.
346 2838 408 2867 But
438 2837 531 2866 llalni
559 2837 702 2867 observes
729 2838 798 2868 that
822 2839 876 2868 tho
923 2839 1022 2868 mines
1033 2839 1085 2878 qui
1097 2839 1135 2868 ad
1149 2840 1363 2869 crudelitatem
1378 2850 1448 2868 eum
1464 2833 1693 2876 ίιιηιι·11υιϊιιί.”

104 2881 227 2912 remark
244 2881 270 2910 is
285 2881 422 2919 general,
447 2880 506 2909 and
536 2890 697 2918 expresses
721 2881 795 2921 only
823 2881 876 2911 tho
964 2882 994 2911 6.
1019 2883 1127 2912 aditus
1155 2886 1184 2912 et
1206 2882 1401 2921 postulatio]
1441 2878 1591 2909 ‘Aditus'
1625 2878 1649 2906 is
1675 2887 1694 2906 a

104 2923 198 2959 mode
214 2924 248 2954 of
268 2927 420 2963 entreaty,
438 2926 494 2953 not
509 2923 562 2952 the
576 2924 661 2952 time.
724 2931 727 2935 ·
921 2924 1075 2954 teclinical
1091 2925 1186 2955 word.
1221 2925 1251 2955 1t
1268 2935 1374 2954 means
1391 2922 1573 2962 permis-iun
1591 2925 1622 2949 to
1638 2929 1693 2958 up-
