1816 3211
99 184 178 227 710
330 183 508 224 ORAT.
543 182 1057 224 PHILIPPIOARUM
1094 182 1279 223 LIBER
1312 183 1444 224 XIV.

95 310 303 351 quumque
327 296 373 338 G.
395 296 548 338 Caesar
572 311 648 351 pro
680 300 887 351 praetore,
919 297 1157 351 imperator,
1189 295 1360 357 consilio
1393 296 1686 353 diligentiaque

93 375 169 402 sua
199 366 338 402 castra
370 361 545 403 feliciter
578 362 818 410 defenderit,
853 361 1075 416 copiasque
1108 361 1290 402 hostium
1325 375 1431 415 quae
1463 361 1517 401 ad
1552 366 1688 402 castra

92 432 359 468 accesserant,
389 426 633 481 profligarit,
657 417 881 479 occiderit;
916 427 968 466 ob
990 430 1061 485 eas
1083 440 1149 467 res
1170 430 1363 466 senatum
1383 425 1623 467 existimare
1645 432 1688 467 et

87 491 277 545 judicare
298 506 439 532 eorum
462 491 587 531 trium
619 490 917 545 imperatorum
938 490 1106 539 virtute,
1130 490 1313 545 imperio,
1339 490 1520 540 consilio,
1554 490 1688 545 gravi-

92 561 196 606 tate,
228 555 476 604 constantia,
505 555 791 608 magnitudine
821 555 958 605 animi,
991 555 1193 596 felicitate
1224 556 1422 610 populum
1454 549 1688 610 Romanuin

91 621 332 661 foedissima
353 619 720 674 crudelissimaque
740 620 944 661 servitute
965 620 1214 667 liberatum;
1250 611 1457 675 quumque
1478 634 1564 660 rem
1585 620 1687 675 pub-

90 685 223 734 licam,
255 686 412 731 urbem,
433 684 589 739 templa
619 685 790 725 deorum
820 685 1128 735 immortalium,
1162 686 1272 726 bona
1300 686 1574 740 fortunasque
1602 699 1690 726 om-
1715 701 1718 703 ’

91 750 207 790 nium
226 750 460 805 liberosque
491 750 778 791 conservarint
805 725 1071 817 diQifflfie
1092 755 1136 791 et
1156 751 1337 805 periculo
1359 751 1468 791 vitae
1489 764 1601 799 suae,
1624 749 1688 800 uti

93 815 146 856 ob
175 829 245 856 eas
273 829 339 856 res
369 816 487 865 bene,
509 815 688 874 ⁴fortiter
717 815 972 870 feliciterque
1008 819 1151 870 gestas
1185 815 1231 856 O.
1266 815 1406 855 Pansa
1440 815 1493 855 A.
1519 814 1712 855 Hirtius·

91 881 295 929 consules,
328 880 612 935 imperatores,
644 879 750 929 alter
779 880 968 929 ambove,
1000 885 1074 921 aut
1099 880 1133 921 si
1155 879 1343 929 aberunt,
1372 880 1434 920 M.
1459 879 1684 929 Cornutus,

90 950 260 1000 praetor
299 946 492 1000 urbanus,
535 944 859 1003 supplicationes
899 935 972 999 per
1013 945 1100 984 dies
1132 944 1434 998 quinquaginta
1464 943 1517 983 ad
1550 935 1688 983 omnia

91 996 320 1065 pfflffiida
355 1000 630 1070 cdfis'ffit'uat'ss‘
651 1008 860 1064 quumque
884 1010 1017 1050 virtus
1044 1009 1253 1063 legionum
1289 1009 1415 1063 digna
1440 1008 1687 1049 ‘clarissimis

91 1074 413 1130 imperatoribus
441 1066 663 1123 exstiterit,
686 1079 891 1123 senatum,
916 1088 1021 1129 quae
1051 1073 1106 1113 sit
1136 1078 1261 1114 antea
1287 1073 1498 1128 pollicitus
1529 1074 1685 1129 legion-

91 1141 184 1181 ibus
205 1139 538 1194 exercitibusque
569 1139 737 1189 nostris,
761 1153 810 1179 ea
830 1153 992 1179 summo
1014 1138 1154 1179 studio
1175 1153 1220 1179 re
1242 1138 1406 1192 publica
1438 1143 1687 1193 recuperata

91 1206 348 1251 soluturum;
385 1217 593 1259 quumque
614 1203 721 1258 legio
756 1203 914 1244 Martia
941 1203 1134 1259 princeps
1168 1218 1262 1244 cum
1291 1204 1485 1245 hostibus
1515 1203 1685 1244 conflix-

90 1270 183 1318 erit,
201 1274 326 1324 atque
341 1269 400 1309 ita
415 1283 508 1309 cum
529 1271 685 1322 majore
705 1283 878 1309 numero
891 1268 1077 1310 hostium
1099 1269 1361 1310 contenderit
1381 1274 1428 1309 ut
1449 1283 1575 1323 quum
1596 1268 1685 1323 plu-

92 1335 219 1375 rimos
241 1334 466 1375 caederent
487 1334 683 1374 caderent
713 1333 920 1384 nonnulli,
937 1348 1145 1389 quumque
1167 1334 1255 1374 sine
1276 1334 1359 1374 ulla
1379 1325 1685 1390 retractatione

90 1415 164 1455 pro
197 1399 335 1454 patria
367 1398 495 1439 vitam
529 1399 820 1454 profuderint;
855 1413 1065 1454 quumque
1098 1399 1221 1440 simili
1254 1398 1409 1440 virtute
1434 1398 1686 1453 reliquarum

91 1464 301 1541 legiomufl
335 1463 490 1505 milites
524 1478 600 1520 pro
633 1463 770 1506 salute
806 1468 850 1505 et
881 1464 1074 1505 libertate
1107 1463 1249 1518 populi
1282 1463 1461 1504 Romani
1505 1468 1685 1504 mortem

67 1510 393 1584 ssdfipetifferifft:
438 1528 603 1569 senatui
635 1528 801 1583 placere
833 1533 882 1569 ut
915 1528 963 1570 O.
999 1527 1140 1568 Pansa
1175 1529 1232 1569 A.
1267 1527 1436 1569 Hirtius
1479 1520 1683 1577 consules,

91 1595 376 1649 imperatores,
428 1593 536 1635 alter
559 1592 771 1644 ambove,
813 1593 849 1635 si
889 1593 949 1634 eis
988 1592 1190 1647 videatur,
1233 1593 1283 1635 iis
1324 1593 1393 1651 qui
1441 1593 1685 1649 sanguinem

91 1674 166 1714 pro
207 1659 305 1710 vita,
348 1659 545 1710 libertate
585 1659 765 1701 fortunis
813 1659 954 1714 populi
1004 1658 1195 1709 Romani,
1247 1674 1321 1715 pro
1370 1660 1473 1700 urbe
1517 1652 1684 1714 templis

93 1727 264 1767 deorum
302 1725 596 1766 immortalium
641 1725 937 1780 profudissent,
981 1729 1299 1766 monumentum
1346 1739 1471 1780 quam
1517 1724 1683 1779 amplis-

92 1790 242 1831 simum
290 1791 511 1831 locandum
556 1789 876 1844 faciendumque
925 1794 1084 1839 curent,
1123 1794 1366 1843 quaestores
1410 1789 1591 1829 urbanos
1629 1790 1684 1830 ad

92 1870 183 1896 eam
209 1870 297 1896 rem
324 1855 541 1910 pecuniam
574 1855 683 1903 dare,
719 1854 964 1904 attribuere,
997 1854 1156 1912 solvere
1172 1854 1360 1908 jubeant,
1382 1858 1431 1894 ut
1461 1844 1600 1895 exstet
1629 1854 1684 1894 ad

91 1920 332 1960 memoriam
362 1919 626 1975 posteritatis
656 1919 964 1974 sempiternam,
1003 1919 1096 1973 [ad]
1132 1919 1265 1959 scelus
1307 1918 1684 1960 crudelissimorum

92 1984 277 2025 hostium
296 1983 556 2038 militumque
577 1984 755 2024 divinam
777 1984 1003 2031 virtutem,
1038 1983 1196 2038 utique,
1221 1998 1327 2038 quae
1353 1983 1536 2038 praemia
1565 1998 1682 2025 sena-¹

92 2055 163 2090 tus
182 2049 381 2090 militibus
411 2055 509 2089 ante
534 2047 766 2097 constituit,
790 2063 839 2089 ea
859 2049 1075 2090 solvantur
1107 2063 1248 2089 eorum
1271 2049 1339 2103 qui
1360 2049 1440 2089 hoc
1470 2048 1577 2089 bello
1607 2064 1682 2104 pro

93 2114 230 2169 patria
262 2114 503 2155 occiderunt
538 2114 795 2169 parentibus,
827 2113 981 2165 liberis,
1013 2113 1273 2169 conjugibus,
1307 2113 1518 2164 fratribus,
1550 2113 1682 2170 iisque

135 2268 184 2297 M.
206 2266 381 2306 Cornutus]
431 2267 539 2297 Cicero
555 2267 658 2297 writes
678 2269 712 2296 to
730 2266 864 2296 Plancus

96 2308 175 2348 (Rc.
204 2310 258 2351 43)
277 2322 284 2339 ι
318 2313 338 2327 “
351 2310 473 2340 Placuit
502 2310 592 2339 nobis
623 2313 658 2339 ut
688 2310 795 2339 statim
824 2309 864 2339 ad

94 2352 269 2388 Cornutum
286 2356 461 2392 praetorem
474 2353 629 2382 urbanum
641 2353 747 2383 literas
763 2352 862 2382 defer-

93 2404 208 2430 remus,
226 2396 279 2434 qui
299 2395 382 2434 quod
398 2396 541 2425 consules
557 2395 687 2425 aberant
702 2396 864 2425 consulare

93 2447 208 2467 munus
246 2437 422 2468 sustinebat
456 2448 543 2468 more
577 2439 732 2478 majorum
746 2437 765 2452 '’
799 2438 864 2479 (Ad

93 2480 166 2510 Div.
184 2490 213 2509 x.
235 2482 298 2519 12).

137 2523 333 2561 soluturum]
347 2523 379 2558 b,
392 2523 487 2552 Halm
497 2535 503 2559 ;
515 2525 759 2554 “resoluturum
772 2523 862 2553 codd.

92 2565 158 2595 rell.
176 2565 275 2595 noti'’
294 2565 434 2605 (Halm).

136 2611 173 2638 ut
189 2618 285 2647 quum
302 2608 477 2647 plurimos]
499 2608 606 2644 Halm,
622 2608 692 2638 who
709 2619 779 2648 says
795 2609 864 2638 that

92 2650 147 2680 the
163 2651 257 2680 MSS.
276 2651 353 2680 have
371 2654 461 2680 ‘cum
477 2651 650 2689 plurimos.’
688 2653 695 2666 ‘
708 2651 864 2681 Caderent

93 2694 237 2723 nonnulli
250 2693 257 2706 ’
279 2694 305 2722 is
321 2693 386 2722 also
404 2693 530 2722 Halm’s
546 2694 729 2723 correction.
775 2704 793 2723 a
808 2694 828 2723 b
845 2704 864 2724 v

93 2736 171 2766 have
194 2736 324 2766 ‘cadere
342 2735 532 2771 nonnullos,'
549 2736 611 2764 and
634 2736 645 2765 i
669 2736 725 2765 has
749 2739 756 2753 ‘
771 2746 862 2776 cape-

91 2782 162 2809 rent
178 2779 369 2809 nonnullos.'
415 2779 517 2808 There
532 2788 602 2816 may
615 2778 693 2807 have
709 2778 787 2808 been
800 2783 861 2808 two

92 2823 247 2860 readings,
266 2825 434 2861 ‘caperent
456 2821 623 2851 nonnullos
637 2820 644 2833 '
668 2821 730 2850 and
753 2822 861 2851 ‘cade-

91 2869 164 2894 rent
187 2865 354 2903 nonnulli,’
372 2865 430 2895 but
451 2864 506 2894 the
529 2873 618 2893 sense
641 2873 741 2893 seems
759 2866 793 2893 to
813 2874 861 2894 re-

908 2266 997 2306 quire
1013 2268 1021 2283 ‘
1032 2265 1179 2296 caderent
1193 2263 1360 2295 nonnulli.'

952 2312 1075 2345 curent,
1102 2311 1284 2348 quaestores
1313 2308 1466 2347 urbanos]
1508 2307 1680 2338 Ferrarius.

907 2352 976 2382 The
992 2352 1044 2382 old
1059 2352 1190 2390 reading
1204 2361 1266 2380 was
1285 2351 1471 2380 ‘locandum
1487 2350 1679 2381 faciendum-

908 2405 970 2435 que
984 2395 1095 2424 urbem
1109 2394 1148 2424 ad
1163 2404 1233 2424 eam
1248 2393 1337 2423 rem.'
1383 2393 1486 2423 There
1502 2394 1528 2423 is
1540 2404 1580 2423 an
1595 2404 1681 2424 error

907 2438 940 2467 in
956 2438 1010 2467 the
1023 2437 1130 2474 MSS„
1141 2437 1199 2467 but
1214 2446 1248 2466 as
1259 2446 1305 2466 we
1320 2436 1413 2466 know
1423 2437 1478 2466 the
1492 2437 1584 2466 usual
1598 2437 1679 2466 form

907 2481 943 2510 of
959 2481 1022 2510 this
1045 2483 1116 2519 part
1141 2480 1177 2510 of
1199 2489 1218 2509 a
1238 2479 1420 2515 Decretum,
1446 2479 1500 2509 the
1527 2479 1628 2509 defect
1653 2480 1680 2509 is

907 2523 1005 2563 easily
1031 2523 1136 2553 cured.
1194 2522 1301 2558 Halm,
1332 2522 1490 2561 following
1517 2522 1678 2559 Garatoni,

908 2566 965 2596 has
983 2570 989 2583 ‘
1002 2569 1245 2606 quaestoresque
1261 2564 1420 2594 urbanos!

951 2608 1143 2648 attribuere]
1172 2610 1179 2624 ⁶
1193 2607 1390 2637 contribuere
1404 2607 1410 2619 '
1434 2607 1444 2637 i
1457 2619 1464 2643 ;
1489 2607 1547 2637 but
1571 2610 1578 2624 ‘
1589 2608 1678 2637 attri-

907 2651 1004 2681 buere
1018 2651 1025 2665 '
1041 2652 1067 2681 is
1084 2651 1137 2681 the
1153 2650 1236 2680 word
1252 2650 1329 2680 used
1344 2651 1377 2679 in
1393 2651 1469 2680 such
1485 2660 1504 2679 a
1519 2660 1598 2680 case.

949 2694 1066 2733 scelus]
1086 2693 1117 2730 b,
1135 2695 1143 2709 ‘
1154 2693 1193 2723 ad
1209 2694 1309 2723 scelus
1321 2692 1328 2706 '
1345 2703 1363 2722 a
1378 2703 1398 2722 v
1413 2693 1434 2723 i.
1466 2693 1563 2722 Halm
1576 2693 1678 2723 writes

909 2740 916 2754 ‘
931 2737 1154 2776 sempiternam
1179 2736 1279 2766 scelus
1296 2758 1303 2765 .
1316 2758 1323 2765 .
1339 2758 1346 2765 .
1363 2735 1468 2765 divina
1482 2735 1604 2765 virtus.'
1646 2736 1678 2766 It

905 2780 932 2809 is
949 2780 1095 2809 doubtful
1109 2779 1193 2808 what
1208 2779 1234 2808 is
1250 2779 1304 2808 the
1319 2782 1389 2808 true
1404 2779 1542 2817 reading.

938 2823 1118 2861 fratribus,
1142 2822 1257 2861 iisque]
1303 2821 1472 2857 Ferrarius,
1504 2824 1511 2837 ⁴
1528 2821 1676 2851 fratribus

906 2865 1007 2905 iisque
1034 2865 1173 2905 (hisque)
1197 2863 1346 2894 fratribus
1359 2863 1367 2878 ’
1394 2874 1413 2894 a
1428 2874 1457 2901 v,
1484 2867 1490 2881 ‘
1504 2863 1652 2894 fratribus
1667 2863 1674 2876 ’

1799 3127 1816 3138 ,ἲ
1814 3090 1816 3108 ..
