1816 3211
29 426 124 478 ssa.

188 218 271 258 368
525 217 705 259 ORAT.
739 217 859 258 PRO
893 216 942 256 T.
974 214 1171 256 ANNIO
1205 215 1449 258 MILONE

186 330 325 372 reditu
351 330 394 370 in
424 330 606 385 gratiam
639 329 756 385 quasi
790 328 1030 370 devinctum
1062 329 1377 380 arbitrabatur3
1414 329 1606 372 Caesaris
1639 336 1787 386 poten-

185 396 290 437 tiam
310 411 429 436 suam
461 410 552 436 esse
584 395 776 442 dicebat;
811 394 1018 434 bonorum
1046 394 1209 435 animos
1241 395 1283 435 in
1315 410 1408 436 meo
1442 411 1543 437 casu
1571 401 1785 451 contemp-

185 467 325 507 serat;
373 461 478 501 Milo
519 475 626 500 unus
667 461 892 514 111·gebat.)<
924 459 1169 501 XXXIII.
1204 460 1291 501 Hic
1333 460 1389 500 dii
1431 461 1700 511 immortales,
1738 465 1787 501 ut

184 541 310 581 supra.
329 526 426 575 dixi,
451 530 634 566 mentem
656 525 712 564 illi
740 525 905 580 perdito
926 540 974 566 ac
1005 525 1162 566 furioso
1184 526 1392 567 dederunt
1422 531 1471 567 ut
1501 527 1598 567 huic
1627 527 1787 568 faceret

183 591 368 632 insidias.
432 590 572 630 Aliter
593 590 729 645 perire
754 590 888 645 pestis
919 590 988 631 illa
1019 605 1102 631 non
1133 591 1299 646 potuit:
1335 607 1563 647 numquam
1583 592 1697 632 illum
1719 607 1786 634 res

183 656 350 711 publica
381 670 456 696 suo
485 655 580 709 jure
615 660 728 697 esset
760 656 860 696 ulta.
929 655 1125 705 Senatus,
1149 657 1287 706 credo,
1317 663 1556 712 praetorem
1584 672 1677 698 eum
1709 658 1786 698 cir-

184 720 535 775 cumscripsisset.
598 720 662 761 Ne
699 735 826 775 quum
867 721 1030 762 solebat
1071 722 1239 777 quidem
1280 722 1321 763 id
1361 723 1510 772 facere,
1549 722 1591 763 in
1623 722 1786 777 privato

184 787 330 828 eodem
351 787 429 827 hoc
450 787 604 842 aliquid
634 789 884 842 profecerat.
947 787 1019 828 An
1042 788 1235 829 consules
1264 788 1307 829 in
1338 793 1534 844 praetore
1554 782 1785 830 coercendo

182 853 315 893 fortes
345 852 524 893 fuissent
540 852 556 893 ἶ
616 851 818 902 Primum,
845 852 1006 894 Milone
1039 853 1176 894 occiso
1204 853 1419 895 habuisset-
1450 869 1548 894 suos
1581 854 1782 894 consules.

184 917 360 967 Deinde,
385 917 477 972 quis
508 917 549 957 in
571 932 619 958 eo
651 922 845 972 praetore
867 918 1012 958 consul
1040 918 1162 959 fortis
1183 924 1307 970 esset,
1330 933 1405 974 per
1426 934 1549 974 quem
1569 919 1785 959 tribunum

182 985 382 1024 virtutem
411 983 671 1023 consularem
693 983 977 1024 crudelissime
999 989 1195 1025 vexatam
1228 999 1318 1025 esse
1349 984 1638 1026 meminisset?
1700 983 1785 1039 Op-

182 1048 406 1104 pressisset
433 1048 583 1099 omnia,
618 1047 865 1103 possideret,
890 1053 1081 1096 teneret,
1116 1049 1207 1103 lege
1239 1064 1357 1099 nova,
1389 1064 1494 1104 quae
1520 1054 1586 1090 est
1613 1049 1784 1090 inventa

182 1116 295 1170 apud
327 1129 421 1155 eum
453 1129 545 1156 cuin
578 1114 747 1168 reliquis
782 1114 945 1169 legibus
972 1114 1195 1165 Clodianis,
1233 1129 1376 1156 servos
1409 1120 1578 1157 nostros
1608 1115 1783 1156 libertos

183 1194 281 1220 suos
303 1179 481 1220 fecisset.
546 1179 782 1229 Postremo,
806 1179 885 1219 nisi
917 1194 1011 1219 eum
1043 1179 1098 1219 dii
1129 1179 1386 1220 immortales
1417 1181 1458 1220 in
1487 1195 1579 1220 eam
1600 1186 1785 1221 mentem

183 1245 456 1299 impulissent,
476 1249 523 1284 ut
545 1244 670 1284 homo
692 1243 955 1284 effeminatus
977 1243 1253 1285 fortissimum
1274 1244 1406 1284 virum
1428 1249 1652 1286 conaretur
1674 1244 1783 1285 occi-

184 1310 295 1359 dere,
329 1309 452 1350 hodie
482 1323 570 1349 rem
599 1308 806 1363 publicam
836 1308 991 1349 nullam
1021 1309 1245 1350 haberetis.
1308 1309 1380 1350 An
1412 1310 1478 1350 ille
1505 1315 1686 1364 praetor,
1717 1309 1784 1351 1116

183 1389 280 1416 vero
302 1375 459 1424 consul,
484 1373 519 1414 si
550 1375 673 1415 inodo
705 1374 809 1415 haec
840 1374 1000 1429 templa
1031 1379 1158 1429 atque
1189 1374 1280 1429 ipsa
1301 1375 1465 1416 moenia
1486 1380 1599 1416 stare
1622 1389 1670 1415 eo
1692 1374 1783 1415 vivo

182 1440 343 1482 tamdiu
365 1445 409 1480 et
431 1439 693 1480 consulatum
714 1439 807 1494 ejus
828 1444 1077 1494 exspectare
1104 1439 1355 1494 potuissent,
1379 1440 1446 1480 ille
1469 1440 1647 1494 denique
1669 1440 1784 1481 vivus

182 1505 281 1546 mali
302 1505 403 1545 nihil
429 1504 610 1552 fecisset,
634 1504 704 1559 qui
735 1510 927 1546 mortuus
949 1519 1031 1545 uno
1057 1519 1109 1545 ex
1139 1504 1226 1546 suis
1262 1505 1514 1546 satellitibus
1546 1505 1666 1559 [SeX.
1691 1505 1784 1546 Olo-

183 1571 272 1626 dio]
308 1571 412 1611 duce
444 1570 602 1611 curiam
633 1570 896 1612 incenderit?
958 1570 1051 1622 Quo
1084 1570 1183 1625 quid
1212 1570 1413 1620 miserius,
1444 1571 1542 1625 quid
1577 1571 1780 1620 acerbius,

184 1637 282 1692 quid
330 1635 563 1676 luctuosius
613 1635 826 1676 vidimus?
906 1635 1127 1690 Templum
1176 1635 1430 1685 sanctitatis,
1482 1635 1781 1690 amplitudinis,

183 1701 349 1750 mentis,
369 1701 529 1742 consilii
551 1700 717 1755 publici,
737 1706 864 1756 caput
885 1700 1013 1751 urbis,
1033 1715 1147 1741 aram
1169 1700 1389 1750 sociorum,
1408 1706 1579 1756 portum
1600 1701 1784 1741 omnium

183 1767 384 1822 gentium,
408 1766 549 1806 sedem
570 1766 623 1806 ab
647 1766 838 1807 universo
861 1765 1015 1821 populo
1049 1766 1239 1805 Romano
1262 1780 1505 1806 concessam
1534 1765 1605 1805 uni
1634 1765 1781 1816 ordini,

184 1831 443 1879 inflammari,
467 1831 663 1879 exscindi,
682 1831 898 1879 funestari,
917 1845 1050 1884 neque
1072 1831 1114 1870 id
1130 1830 1221 1870 fieri
1242 1845 1267 1869 a
1288 1830 1553 1871 multitudine
1574 1830 1782 1883 imperita,

186 1910 436 1952 quamquam
453 1900 565 1935 esset
586 1895 784 1935 miserum
806 1895 847 1935 id
869 1895 1018 1949 ipsum,
1037 1895 1110 1934 sed
1132 1895 1185 1934 ab
1203 1908 1285 1934 uno
1304 1897 1312 1934 l
1369 1893 1449 1945 Qui
1468 1908 1593 1948 quum
1615 1899 1785 1934 tantum

185 1976 311 2003 ausus
332 1961 389 2002 sit
409 1964 527 2001 ustor
548 1974 623 2014 pro
645 1964 822 2008 mortuo,
848 1959 947 2014 quid
978 1959 1150 2013 signifer
1180 1973 1255 2013 pro
1277 1958 1368 1999 vivo
1391 1973 1474 1998 non
1495 1962 1609 1999 esset
1629 1958 1784 1999 ausus?

188 2027 238 2068 In
271 2026 426 2067 curiam
458 2024 725 2080 potissimum
756 2024 927 2078 abjecit,
955 2029 1004 2065 ut
1032 2038 1123 2064 eam
1154 2027 1346 2064 mortuus
1378 2023 1624 2063 incenderet
1658 2037 1784 2077 quam

185 2093 303 2134 vivus
325 2095 547 2132 everterat.
611 2089 671 2130 Et
701 2094 800 2130 sunt
831 2089 900 2144 qui
932 2089 983 2129 de
1005 2088 1071 2130 via
1095 2088 1238 2143 Appia
1268 2092 1508 2142 querantur,
1533 2092 1702 2129 taceant
1732 2088 1784 2128 de

1049 2221 1174 2251 consilii
1221 2220 1364 2260 publici]
1429 2222 1436 2236 ‘
1451 2219 1627 2250 Consilium
1678 2219 1781 2259 publi-

1005 2263 1092 2294 cum'
1123 2264 1149 2293 is
1172 2274 1190 2293 a
1219 2273 1312 2293 name
1342 2263 1391 2293 for
1419 2263 1475 2292 the
1501 2263 1634 2299 Senate;
1657 2261 1724 2299 but,
1748 2272 1782 2292 as

1008 2307 1103 2337 Halm
1119 2306 1269 2343 remarks,
1286 2306 1312 2336 it
1334 2316 1435 2336 seems
1459 2306 1534 2335 here
1550 2309 1582 2335 to
1599 2315 1691 2335 mean
1708 2310 1715 2321 ⁴
1727 2305 1782 2334 the

1005 2350 1124 2389 temple
1150 2350 1182 2379 in
1210 2349 1312 2379 which
1339 2349 1394 2378 the
1424 2348 1531 2388 public
1561 2349 1706 2378 interests
1729 2357 1781 2377 are

1007 2392 1198 2422 deliberated
1228 2391 1476 2431 on.’———‘caput
1511 2390 1629 2421 urbis:’
1669 2393 1782 2429 ‘caput

230 2226 281 2255 33.
320 2222 639 2261 circumscripsisset]
681 2223 688 2237 ¹
704 2219 958 2251 condemnasset’

187 2264 393 2306 (Manutius).
455 2265 519 2294 But
554 2267 561 2280 ⁶
579 2264 847 2293 circumscribere’
886 2264 960 2293 here

187 2319 295 2339 means
319 2313 353 2338 to
376 2308 457 2337 limit
483 2307 532 2337 his
554 2316 669 2346 power,
688 2307 822 2346 perhaps
847 2310 878 2336 to
905 2307 958 2337 de-

187 2353 274 2392 prive
300 2352 365 2381 him
390 2350 425 2380 of
447 2351 482 2385 it,
507 2359 540 2379 as
564 2350 596 2379 in
619 2360 637 2379 a
666 2350 758 2379 letter
789 2350 823 2380 of
851 2350 960 2380 Cicero

187 2400 221 2425 to
245 2395 369 2424 Atticus
395 2393 459 2432 (vii.
484 2392 538 2431 9):
572 2395 659 2421 “aut
689 2393 961 2423 senatusconsulto

188 2437 441 2475 circumscriptus
464 2439 518 2464 aut
542 2434 683 2464 sublatus
706 2439 761 2465 aut
777 2435 960 2475 expulsuS.’'

189 2484 197 2498 ‘
212 2479 329 2511 Credo'
347 2480 373 2508 is
391 2478 527 2513 ironical,
545 2488 578 2507 as
593 2478 693 2507 usual.

231 2524 383 2553 virtutem
400 2521 614 2559 consularem]
657 2521 830 2551 ‘Consular
846 2521 961 2558 merit,'

187 2567 243 2596 the
265 2566 356 2595 merit
376 2564 412 2593 of
432 2574 449 2593 a
466 2573 537 2592 man
555 2564 623 2593 who
647 2564 708 2593 had
734 2564 862 2594 himself
882 2564 962 2594 been

189 2609 308 2639 consul.
355 2611 362 2624 ⁴
374 2607 486 2636 Virum
503 2606 713 2636 consularem'
730 2607 756 2636 is
775 2617 793 2636 a
816 2617 962 2637 common

188 2651 317 2689 reading
340 2650 373 2679 in
401 2649 455 2678 the
481 2649 606 2688 printed
632 2649 743 2686 books,
772 2650 830 2680 but
857 2650 963 2680 Baiter

189 2705 259 2734 says
286 2693 419 2731 nothing
443 2691 539 2721 about
562 2692 743 2731 it.—‘quae
767 2697 815 2722 est
837 2693 964 2722 inventa

191 2761 199 2768 .
225 2761 232 2767 .
258 2760 265 2767 .
291 2734 481 2766 Clodianis:'
503 2734 586 2764 Bake
597 2745 749 2774 supposes
761 2736 849 2765 these
862 2735 963 2765 words

189 2784 222 2810 to
238 2780 277 2810 be
293 2790 332 2809 an
348 2777 583 2816 interpolation.

236 2824 312 2853 δατ.
333 2820 458 2859 Clodio]
500 2820 602 2849 These
619 2820 719 2850 words
736 2831 788 2850 are
805 2820 962 2860 supposed

190 2870 222 2896 to
248 2866 286 2895 be
311 2875 351 2894 an
377 2863 611 2901 interpolation,
629 2863 686 2898 for,
712 2874 744 2892 as
769 2864 898 2902 Madvig
913 2874 962 2893 re-

190 2909 306 2944 marks,
314 2908 368 2937 the
378 2906 518 2936 mention
530 2905 589 2934 ofa
598 2906 766 2944 particular
776 2917 867 2936 name
875 2906 959 2945 (Sex.

190 2951 335 2992 Clodius)
352 2949 447 2990 spoils
463 2949 517 2978 the
533 2948 617 2978 force
633 2948 667 2977 of
679 2948 732 2978 the
749 2952 906 2979 sentence.

1007 2435 1112 2473 orbis,’
1128 2435 1163 2465 C.
1177 2447 1184 2471 ;
1212 2438 1230 2451 “
1246 2435 1440 2465 Basilicanus
1456 2435 1553 2469 orbis,
1570 2434 1675 2463 forsan
1691 2443 1779 2469 νει-ες

1006 2479 1070 2508 imo
1094 2482 1187 2514 certe,
1206 2479 1231 2507 si
1253 2477 1368 2507 alicubi
1393 2478 1500 2507 orbem
1524 2477 1604 2506 dixit
1628 2486 1684 2516 pro
1707 2477 1782 2506 orbe

1008 2520 1205 2552 terrarum'’
1238 2521 1449 2560 (Gruter>.-⁴
1468 2519 1620 2549 funestari
1633 2519 1651 2548 ι’
1685 2518 1781 2548 Halm

1007 2568 1120 2604 quotes
1138 2564 1197 2593 Pro
1215 2563 1354 2599 Rabirio,
1369 2563 1523 2592 Perduell.
1537 2573 1562 2592 c.
1574 2564 1605 2597 4,
1623 2564 1643 2578 “
1654 2571 1711 2600 ego
1727 2561 1781 2600 qui

1007 2607 1158 2636 funestari
1191 2607 1371 2636 contionem
1403 2606 1590 2644 contagione
1628 2604 1781 2634 carnificis

1007 2649 1113 2679 veto.'’
1160 2649 1190 2679 A
1220 2649 1327 2679 sacred
1357 2649 1444 2687 place
1475 2658 1536 2678 was
1570 2647 1711 2687 polluted
1739 2646 1780 2686 by

1008 2692 1102 2722 death
1117 2701 1153 2721 or
1167 2702 1186 2721 a
1201 2692 1279 2722 dead
1296 2691 1388 2731 body.

1051 2735 1157 2774 ustor]
1206 2735 1318 2765 Baiter*
1329 2744 1398 2773 says
1414 2733 1548 2773 nothing
1563 2732 1599 2763 of
1619 2733 1673 2762 the
1692 2731 1780 2761 read—

1008 2778 1061 2816 ing
1085 2780 1092 2793 ‘
1107 2777 1213 2807 ultor.’
1261 2775 1427 2812 “Ustor,'’
1453 2786 1522 2815 says
1547 2776 1672 2810 Gruter.
1689 2775 1714 2804 is
1733 2777 1781 2803 “a

1009 2820 1249 2850 Coloniensibus
1266 2818 1493 2849 membranis.’'
1538 2818 1687 2849 Graevius
1710 2826 1779 2856 pre-

1008 2863 1069 2893 fers
1087 2863 1211 2893 ‘ultor.’

1051 2906 1088 2935 de
1103 2907 1155 2936 via
1169 2905 1295 2945 Appia]
1343 2905 1388 2934 As
1411 2904 1439 2934 if
1457 2904 1483 2934 it
1505 2903 1596 2933 made
1615 2903 1669 2932 the
1685 2902 1779 2931 crime

1006 2950 1128 2988 greater
1144 2949 1191 2979 sor
1207 2948 1335 2979 Clodius
1351 2951 1384 2978 to
1404 2947 1444 2978 be
1465 2946 1561 2976 killed
1579 2956 1621 2976 on
1637 2945 1690 2976 the
1704 2944 1779 2974 road
