1816 3211
658 212 793 255 CAP.
822 214 1002 254 13—15.
1553 214 1636 259 577

36 325 268 381 miseroque
289 326 410 377 bello,
435 331 482 369 ut
509 327 704 369 omittam
731 331 907 382 patrem,
939 327 1046 368 duos
1079 326 1155 369 Gn.
1180 326 1373 382 Pompeii
1407 328 1558 368 summi
1590 334 1635 370 et

36 391 256 446 singularis
277 393 353 433 viri
374 393 481 435 filios
502 393 730 434 incolumes
752 393 1014 442 haberemus,
1038 392 1187 448 quibus
1205 399 1319 433 certe
1340 392 1476 447 pietas
1497 393 1634 434 fraudi

35 471 128 497 esse
168 471 251 497 non
291 458 450 499 debuit.
513 458 691 499 Utinam
723 472 867 499 omnes
903 458 965 498 M.
995 457 1181 512 Lepidus
1214 472 1379 499 servare
1412 458 1633 512 potuisset.

38 521 270 563 Facturum
291 523 419 564 fuisse
441 523 666 564 declaravit
686 522 728 563 in
750 538 799 564 eo
821 523 933 578 quod
955 523 1103 578 potuit,
1123 537 1250 577 quum
1269 522 1368 564 Sex.
1385 523 1635 578 Pompeium

34 587 224 629 restituit
255 588 430 639 civitati,
463 590 689 629 maximum
721 593 1013 629 ornamentum
1040 588 1100 628 rei
1133 588 1336 642 publicae,
1359 588 1635 629 clarissimum

33 659 348 694 monumentum
370 654 614 695 clementiae
637 668 750 694 suae.
814 653 964 694 Gravis
986 653 1053 693 illa
1082 653 1249 695 fortuna
1271 653 1413 708 populi
1440 653 1631 704 Romani,

33 732 159 772 grave
180 718 328 759 fatum.
391 719 593 774 Pompeio
626 719 734 760 enim
767 724 900 773 patre,
940 719 1051 774 quod
1084 719 1244 773 imperii
1279 719 1420 774 populi
1454 719 1634 759 Romani

33 783 173 823 lumen
202 783 293 833 fuit,
317 785 537 834 exstincto,
570 785 818 826 interfectus
849 790 915 826 est
945 784 1077 840 patris
1101 784 1333 825 simillimus
1363 784 1486 825 filius.
1550 785 1634 825 Sed

34 848 173 889 omnia.
211 849 312 890 mihi
347 849 542 891 videntur
577 850 748 891 deorum
789 850 1084 892 immortalium
1119 849 1278 905 judicio
1313 850 1494 905 expiata,
1535 850 1633 892 Sex.

35 914 240 970 Pompeio
262 915 322 956 rei
343 915 534 971 publicae
557 920 818 957 conservato.

93 979 202 1021 XV.
236 980 371 1032 Quam
393 981 445 1022 ob
468 995 659 1022 caussam
685 981 849 1035 justam
870 985 998 1036 atque
1019 995 1229 1036 magnam,
1255 984 1298 1021 et
1328 980 1441 1036 quod
1470 980 1634 1036 pericu-

33 1045 283 1086 losissimum
306 1046 423 1087 civile
444 1046 598 1087 bellum
619 1046 927 1101 maximumque
958 1046 1220 1088 humanitate
1246 1051 1290 1087 et
1319 1046 1527 1101 sapientia
1558 1061 1634 1087 sua.

36 1111 100 1152 M.
125 1111 308 1167 Lepidus
336 1113 390 1153 ad
424 1127 571 1167 pacem
601 1113 948 1167 concordiamque
977 1112 1198 1162 convertit,
1223 1112 1635 1154 senatusconsultum

33 1175 98 1216 his
121 1177 255 1218 verbis
281 1192 430 1218 censeo
459 1178 824 1233 perscribendum:
860 1179 998 1230 Quum
1028 1192 1053 1219 a
1087 1177 1151 1218 M.
1177 1178 1335 1233 Lepido
1367 1178 1632 1234 imperatore,

32 1241 230 1297 pontifice
252 1243 448 1293 maximo,
472 1258 771 1298 saepenumero
788 1258 855 1283 res
877 1243 1045 1298 publica
1066 1248 1108 1284 et
1129 1244 1235 1284 bene
1253 1250 1296 1284 et
1317 1243 1493 1285 feliciter
1513 1249 1636 1298 gesta

32 1307 101 1355 sit,
125 1307 386 1363 populusque
410 1308 625 1350 Romanus
647 1308 900 1350 intellexerit
922 1308 957 1349 ei
990 1309 1248 1350 dominatum
1271 1309 1433 1364 regium
1454 1309 1635 1350 maxime

33 1372 266 1427 displicere,
302 1388 510 1429 quumque
543 1375 632 1429 ejus
665 1389 804 1429 opera,
829 1374 996 1423 virtute,
1029 1374 1214 1423 consilio,
1244 1374 1525 1429 singularique
1555 1375 1635 1415 cle-

33 1438 190 1479 mentia
212 1443 255 1479 et
276 1438 595 1479 mansuetudine
627 1439 778 1480 bellum
800 1438 1114 1479 acerbissimum
1136 1439 1253 1480 civile
1283 1439 1339 1480 sit
1369 1439 1632 1491 restinctum,

37 1503 274 1559 Sextusque
297 1503 524 1559 Pompeius
546 1503 674 1545 Gnaei
696 1504 806 1544 filius
838 1504 1023 1558 Magnus
1054 1504 1179 1559 hujus
1200 1504 1358 1545 ordinis
1379 1504 1634 1546 auctoritate

32 1570 85 1610 ab
107 1570 234 1610 armis
255 1569 508 1619 discesserit,
531 1578 575 1611 et
595 1585 620 1610 a
648 1570 711 1611 M.
739 1569 898 1625 Lepido
920 1570 1185 1624 imperatore,
1216 1570 1415 1625 pontifice
1437 1570 1634 1620 maximo,

33 1649 197 1676 summa
218 1640 389 1676 senatus
409 1635 635 1691 populique
658 1634 839 1676 Romani
864 1636 1082 1676 voluntate
1114 1635 1276 1676 civitati
1309 1635 1534 1677 restitutus
1565 1635 1633 1685 sit,

33 1705 227 1741 sena-tum
258 1700 537 1756 populumque
570 1700 808 1742 Romanum
839 1715 914 1756 pro
949 1700 1142 1740 maximis
1173 1700 1441 1756 plurimisque
1475 1701 1517 1742 iu
1548 1716 1637 1742 rem

32 1765 241 1821 publicam
271 1765 335 1807 M.
360 1765 510 1821 Lepidi
532 1765 704 1816 meritis,
730 1780 925 1822 magnam
946 1780 1064 1820 spem
1086 1765 1128 1806 in
1150 1766 1241 1820 ejus
1263 1766 1429 1816 virtute,
1452 1767 1637 1809 auctori-

32 1836 135 1881 tate,
157 1830 358 1872 felicitate
379 1845 581 1886 reponere
603 1831 691 1881 otii,
715 1831 844 1886 pacis,
869 1831 1131 1881 concordiae,
1155 1830 1376 1881 libertatis,
1399 1832 1573 1887 ejusque
1595 1832 1637 1872 iu

31 1911 120 1937 rem
142 1896 351 1952 publicam
371 1896 616 1937 meritorum
637 1900 829 1937 senatum
851 1896 1132 1951 populumque
1156 1896 1394 1938 Romanum
1411 1912 1637 1938 memorem

32 1961 134 2011 fore,
157 1961 277 2016 eique
307 1967 491 2002 statuam
522 1967 759 2016 equestrem
787 1961 1026 2003 inauratam
1059 1962 1101 2002 in
1136 1962 1299 2012 rostris,
1330 1968 1405 2003 aut
1441 1977 1523 2019 quo
1555 1963 1636 2004 alio

33 2025 125 2067 loco
158 2025 200 2066 in
231 2026 322 2066 foro
353 2026 464 2075 velit,
487 2040 540 2066 ex
572 2027 697 2081 hujus
728 2027 885 2067 ordinis
917 2026 1126 2067 sententia
1148 2027 1280 2068 statui
1313 2028 1636 2082 placere—Qui

34 2092 180 2141 honos,
204 2096 346 2146 patres
368 2091 604 2146 conscripti,
628 2091 728 2131 mihi
751 2091 956 2132 maximus
976 2091 1144 2132 videtur
1164 2092 1355 2147 primum,
1380 2093 1477 2147 quia
1492 2094 1636 2147 justus

35 2162 113 2206 est,
136 2171 220 2197 non
240 2156 350 2197 enim
372 2155 506 2197 solum
528 2156 653 2197 datur
675 2161 847 2210 propter
875 2171 992 2211 spem
1013 2161 1250 2211 temporum
1273 2156 1538 2211 reliquorum,
1562 2158 1636 2198 sed

34 2236 110 2278 pro
130 2221 396 2276 amplissimis
417 2220 578 2261 meritis
605 2220 808 2269 redditur,
832 2235 907 2262 nec
929 2236 1026 2261 vero
1058 2221 1250 2276 cuiquam
1283 2235 1502 2276 possumus
1524 2236 1635 2262 com-

34 2302 265 2329 memorare
292 2288 403 2328 hunc
433 2286 634 2327 honorem
654 2300 678 2326 a
699 2293 851 2327 senatu
882 2286 1088 2327 tributum
1116 2287 1275 2341 judicio
1301 2293 1473 2329 senatus
1494 2289 1634 2330 soluto

35 2358 78 2394 et
98 2352 242 2394 libero.

37 2443 128 2473 three
147 2445 290 2482 quarters
306 2440 341 2472 of
362 2451 380 2472 a
396 2441 517 2472 million
546 2441 687 2481 sterling.
729 2441 815 2471 Dion

40 2485 108 2526 (45,
133 2495 159 2515 c.
189 2485 241 2524 10)
269 2494 339 2524 says
370 2485 440 2514 that
468 2486 582 2515 Sextus
607 2484 749 2514 defeated
777 2483 814 2514 C.

38 2529 170 2559 Asinius
183 2528 283 2558 Pollio
299 2529 329 2557 in
348 2528 442 2567 Spain
460 2529 541 2557 aster
554 2527 697 2557 Caesar's
709 2527 815 2562 death,

38 2571 101 2602 and
117 2571 187 2600 that
205 2571 344 2610 Lepidus
360 2580 400 2600 on
419 2571 467 2600 his
483 2571 597 2599 arrival
613 2574 646 2599 to
663 2570 735 2599 take
759 2570 813 2599 the

38 2617 246 2653 government
262 2613 298 2643 of
312 2613 466 2652 Hispania
489 2613 623 2643 Citerior
639 2613 812 2652 persuaded

40 2659 154 2687 Sextus
185 2660 218 2686 to
249 2661 359 2695 accept
392 2656 446 2685 the
484 2656 664 2685 restitution
696 2656 731 2685 os
764 2656 813 2686 his

38 2699 170 2730 father‘s
187 2703 347 2738 property.
396 2699 446 2728 lle
471 2698 547 2728 adds
569 2699 638 2728 that
653 2698 812 2729 Antonius

39 2742 178 2781 through
190 2741 364 2781 friendship
377 2745 408 2771 to
421 2741 560 2781 Lepidus
571 2742 630 2771 and
648 2742 766 2780 enuiity
779 2746 812 2771 to

40 2786 164 2821 Caesar,
190 2789 244 2824 got
269 2785 322 2814 the
350 2785 476 2823 bargain
502 2784 622 2814 ratitied
639 2789 673 2814 at.
701 2785 812 2821 Rome,

39 2830 101 2859 and
118 2829 188 2858 that
205 2830 320 2857 Sextus
336 2828 393 2857 let't.
410 2828 517 2867 Spain.

87 2873 136 2902 15.
158 2872 314 2910 pontifice
350 2870 507 2910 mammo]
556 2870 716 2900 Antonius
753 2870 814 2900 had

43 2918 99 2954 got
128 2914 268 2953 Lepidus
298 2913 389 2943 made
428 2913 570 2943 Pontifex
600 2913 760 2943 Maximus
782 2913 814 2943 in

41 2957 130 2998 place
145 2957 180 2986 of
193 2956 248 2986 the
264 2956 414 2988 deceased
431 2956 586 2986 Dictator.
635 2956 698 2987 But
721 2956 814 2996 Lepi-

97 3014 193 3040 VOL.
219 3013 275 3040 lv·

860 2441 919 2470 dus
935 2450 996 2470 was
1012 2440 1182 2480 appointed
1207 2441 1248 2481 by
1265 2441 1319 2472 the
1335 2442 1454 2482 college
1469 2442 1505 2473 of
1526 2443 1635 2474 Pont'-

861 2484 934 2514 tices
951 2484 1072 2514 instead
1089 2484 1125 2514 of
1146 2484 1240 2524 being
1257 2485 1376 2515 elected
1394 2486 1434 2526 by
1450 2486 1505 2516 the
1521 2488 1634 2527 peoplo

859 2527 1028 2566 according
1043 2531 1076 2557 to
1093 2527 1146 2557 the
1162 2528 1228 2559 Lex
1255 2528 1395 2558 Domitia
1419 2530 1519 2569 (Dion
1538 2533 1588 2565 44,
1606 2541 1633 2561 e.

858 2571 920 2606 533
946 2569 1084 2600 Velleius
1101 2571 1131 2601 ii.
1148 2581 1175 2601 c.
1192 2573 1254 2608 63;
1279 2572 1348 2602 Liv.
1366 2572 1426 2612 Ep.
1449 2573 1535 2614 117).
1576 2576 1634 2604 See

859 2612 908 2643 De
924 2612 1000 2652 Leg.
1019 2615 1129 2652 Agrar.
1146 2614 1177 2644 ii.
1195 2625 1221 2644 c.
1240 2617 1270 2650 7,
1288 2614 1359 2644 vol.
1376 2616 1408 2645 ii.

899 2660 1039 2686 statuam
1056 2657 1248 2697 equestrem]
1275 2658 1335 2688 and
1354 2658 1468 2697 gilded,
1482 2669 1515 2688 as
1531 2660 1632 2689 usual.

901 2709 961 2738 qno
989 2701 1053 2730 alio
1072 2723 1079 2730 .
1098 2723 1105 2730 .
1125 2723 1131 2730 .
1148 2700 1240 2740 velit]
1291 2701 1407 2730 ‘velit'
1433 2702 1458 2731 is
1476 2702 1633 2732 Ernesti's

857 2743 1041 2772 correction.
1083 2743 1178 2773 Ilalm
1196 2744 1313 2774 retains
1327 2748 1333 2760 ‘
1348 2744 1464 2781 vellet,v
1481 2745 1535 2774 the
1548 2756 1633 2774 eom-

858 2795 930 2814 mon
947 2786 1085 2825 reading.

893 2829 1022 2866 judicio
1047 2852 1054 2858 .
1073 2852 1081 2859 .
1101 2851 1108 2858 .
1129 2830 1233 2859 soluto
1261 2832 1291 2859 el
1319 2830 1434 2869 liber-n]
1486 2830 1521 2859 1..
1546 2831 1632 2859 Sulla

860 2871 921 2900 had
951 2872 1091 2902 received
1119 2872 1182 2901 this
1208 2872 1339 2906 honour.
1367 2874 1423 2902 but
1448 2873 1500 2902 the
1525 2879 1634 2902 senate

860 2923 922 2943 was
953 2919 1009 2944 not
1039 2915 1104 2944 free
1134 2915 1222 2945 then.
1277 2915 1416 2945 Velleius
1445 2916 1490 2953 (ii.
1523 2925 1548 2944 e.
1576 2917 1631 2954 til)

860 2957 972 2997 speaks
984 2957 1020 2988 os
1033 2958 1092 2989 Cn.
1105 2958 1273 2998 Pompeius
1286 2958 1424 2997 Magnus
1440 2958 1555 2997 having
1572 2958 1633 2988 had

1307 3015 1327 3039 l'
1350 3015 1375 3054 1)
