1816 3211
69 178 151 219 348
406 175 585 217 ORAT.
618 174 738 217 PRO
772 173 820 217 T.
855 173 1051 215 ANNIO
1085 172 1329 215 MILONE

64 290 250 352 fuitnsic
289 288 450 340 Miloni,
488 304 616 345 quum
652 289 872 330 insidiator
905 292 1030 336 esset,
1061 287 1095 329 si
1129 287 1243 328 illum
1276 287 1330 328 ad
1356 288 1499 328 urbem
1535 290 1665 328 noctu

0 367 39 381 ⁷⁹
64 352 333 397 a‘css‘e'ssurum
354 355 523 403 sciebat,
542 354 841 410 subsidgmdum
858 358 985 408 atque
1002 353 1333 407 exspectandum
1353 352 1445 393 fuit.
1503 352 1662 406 [Noctu

65 421 299 470 occidisset,
317 420 516 460 insidioso
535 424 578 459 et
599 419 721 473 pleno
744 418 953 459 latronum
975 417 1017 457 in
1037 417 1130 458 loco
1153 417 1407 472 occidisset]
1474 417 1608 457 Nemo
1627 417 1663 457 ei

63 485 235 541 neganti
252 500 334 525 non
358 484 616 533 credidisset,
642 498 764 538 quem
786 498 876 524 esse
899 497 1043 524 omnes
1064 483 1225 523 salvum
1243 482 1370 523 etiam
1392 483 1664 523 confitentem

63 551 220 592 volunt.
264 549 543 590 Sustinuisset
557 549 635 589 hoc
653 548 809 589 crimen
822 548 1004 603 primum
1017 548 1106 603 ipse
1121 547 1188 588 ille
1204 548 1414 588 latronum
1429 548 1664 589 occultator

64 620 107 656 et
124 620 318 669 receptor
338 615 466 663 locus,
487 629 616 668 quum
636 627 771 668 neque
788 618 907 654 muta
928 612 1110 654 solitudo
1133 613 1361 653 indicasset
1382 627 1516 667 neque
1538 627 1664 653 caeca

63 694 146 720 nox
169 680 423 720 ostendisset
447 679 677 726 Milonem;
715 678 867 719 deinde
892 678 949 718 ibi
976 678 1097 719 multi
1126 678 1179 718 ab
1208 678 1276 718 illo
1299 677 1455 727 violati,
1479 677 1661 732 spoliati,

63 745 182 786 bonis
210 744 384 800 expulsi,
409 744 530 786 multi
559 745 661 785 haec
690 743 819 785 etiam
841 743 1041 784 timentes
1067 743 1110 783 in
1131 742 1412 798 suspicionem
1432 743 1661 789 caderent3-

61 815 155 852 tota
186 811 364 865 denique
396 825 467 851 rea
502 810 707 866 citaretur
741 809 928 850 Etruria.
990 808 1135 864 Atque
1172 809 1241 849 illo
1270 809 1336 849 die
1370 813 1484 850 certe
1518 807 1665 849 Aricia

62 876 227 918 rediens
263 875 444 916 devertit
482 875 653 916 Clodius
701 875 772 929 [ad
809 874 876 929 se]
914 875 968 915 ad
1006 874 1234 915 Albanum.
1297 874 1419 926 Quod
1452 878 1500 914 ut
1535 873 1664 914 sciret

66 942 171 982 Milo
212 941 325 981 illum
361 940 530 981 Ariciae
571 940 711 990 fuisse,
750 939 952 994 suspicari
989 944 1132 980 tamen
1170 939 1315 980 debuit
1352 953 1458 987 eum,
1496 938 1663 980 etiamsi

63 1007 240 1048 Romam
263 1006 330 1046 illo
360 1005 425 1046 die
457 1005 613 1047 reverti
634 1006 771 1055 vellet,
806 1005 858 1045 ad
883 1004 1023 1045 villam
1053 1019 1172 1044 suam
1201 1018 1306 1059 quae
1327 1004 1435 1044 viam
1465 1008 1664 1058 tangeret

63 1074 346 1113 deversurum.
423 1070 507 1112 Gur
538 1085 674 1126 neque
710 1078 810 1111 ante
843 1070 1026 1110 occurrit
1054 1084 1106 1110 ne
1139 1069 1205 1110 ille
1237 1069 1279 1110 in
1312 1069 1407 1110 villa
1439 1069 1658 1119 resideret,

62 1153 139 1178 nec
161 1153 211 1178 eo
234 1137 274 1177 in
295 1137 386 1177 loco
409 1136 600 1176 subsedit
622 1150 703 1190 quo
726 1135 793 1175 ille
814 1139 945 1176 noctu
967 1139 1167 1175 venturus
1189 1134 1334 1175 esset?

121 1203 260 1243 Video
281 1202 418 1242 adhuc
445 1208 639 1241 constare
661 1200 813 1249 omnia,
831 1199 1024 1254 judices:
1063 1199 1212 1238 Miloni
1245 1198 1373 1238 etiam
1406 1198 1508 1239 utile
1535 1198 1661 1240 fuisse

63 1268 255 1309 Clodium
275 1267 423 1315 vivere,
448 1266 504 1306 illi
525 1266 579 1306 ad
601 1280 650 1306 ea
679 1279 785 1319 quae
812 1263 1085 1319 concupierat
1108 1263 1420 1318 optatissimum
1441 1263 1660 1304 interitum

64 1332 237 1373 Milonis
257 1350 266 1381 ;
303 1331 443 1372 odium
465 1330 594 1371 fuisse
616 1330 724 1371 illius
746 1330 787 1370 in
808 1330 919 1370 hunc
941 1329 1270 1378 acerbissimum,
1290 1328 1448 1368 nullum
1472 1328 1598 1383 hujus
1620 1329 1662 1369 in

61 1398 201 1445 illum;
232 1396 578 1437 consuetudinem
596 1395 704 1436 illius
726 1400 974 1450 perpet-uam
992 1393 1033 1434 in
1051 1394 1089 1446 vi
1107 1393 1334 1443 inferenda,
1355 1393 1479 1447 hujus
1495 1398 1662 1435 tantum

60 1464 103 1504 in
123 1462 389 1518 repellendaz,
424 1466 604 1502 mortem
625 1462 678 1501 ab
708 1460 776 1501 illo
799 1459 1090 1501 denuntiatam
1123 1458 1272 1499 Miloni
1301 1463 1344 1499 et
1373 1458 1662 1513 praedicatam

60 1529 209 1585 palam,
234 1528 334 1568 nihil
362 1541 558 1581 umquam
583 1526 775 1568 auditum
800 1540 852 1566 ex
884 1525 1044 1566 Milone
1064 1541 1073 1570 ς
1108 1524 1377 1579 profectionis
1406 1524 1529 1578 hujus
1551 1525 1662 1566 diem

61 1595 117 1635 illi
138 1599 297 1644 notum,
321 1592 502 1634 reditum
530 1592 638 1632 illius
669 1591 765 1632 huic
796 1591 989 1647 ignotum
1013 1590 1170 1638 fuisse;
1205 1589 1330 1644 hujus
1362 1589 1442 1630 iter
1469 1603 1660 1630 necessa-

882 1707 943 1737 and
971 1706 1004 1736 in
1030 1706 1140 1736 favour
1164 1706 1200 1736 of
1224 1706 1314 1735 Milo.
1364 1706 1416 1735 He
1439 1705 1658 1744 recapitulates

881 1750 936 1779 the
953 1753 1135 1788 arguments
1151 1759 1185 1778 so
1201 1748 1249 1778 far
1265 1748 1353 1778 used.
1398 1748 1475 1777 This
1503 1748 1658 1787 recapitu-

880 1793 979 1822 lation
1003 1802 1065 1821 was
1088 1792 1186 1821 called
1211 1791 1323 1830 hythe
1347 1791 1552 1820 rhetoricians
1575 1794 1582 1807 ⁴
1597 1791 1658 1820 fre-

105 1710 213 1739 Noctu
232 1731 239 1738 .
258 1731 265 1739 .
284 1731 291 1738 .
309 1708 492 1748 occidisset]
541 1708 644 1738 These
662 1707 764 1738 words
785 1718 838 1737 are

60 1753 200 1791 wanting
225 1752 258 1781 in
284 1752 325 1781 all
352 1752 407 1781 the
432 1752 539 1787 MSS„
563 1754 675 1790 except
701 1751 837 1790 perhaps

60 1795 94 1824 in
117 1799 179 1824 two
197 1795 298 1824 which
321 1795 427 1824 Baiter
453 1795 539 1829 cites,
561 1794 623 1823 and
647 1794 680 1822 in
706 1793 760 1823 the
784 1793 835 1823 old

61 1838 206 1867 editions.
253 1838 408 1867 Asconius
434 1837 574 1866 remarks
595 1846 636 1866 on
657 1836 711 1866 the
735 1836 835 1865 words

63 1880 190 1919 ‘Atque
214 1883 249 1909 ut
271 1880 316 1909 illi
344 1902 352 1909 .
379 1902 386 1908 .
413 1904 419 1910 .
446 1878 705 1909 subsidendum?
745 1878 839 1908 “Via

62 1923 166 1962 Appia
182 1926 229 1952 est
247 1932 344 1962 prope
370 1922 481 1951 urbem
506 1924 747 1951 monumentum
775 1921 836 1951 Ba-

63 1966 121 2001 sili,
153 1966 207 2005 qui
234 1966 320 1995 locus
350 1965 520 1994 latrociniis
553 1964 613 1994 fuit
644 1964 836 2003 perinfamis,

62 2009 146 2048 quod
158 2019 194 2038 ex
206 2009 273 2038 aliis
286 2018 411 2048 quoque
427 2008 535 2037 multis
548 2007 680 2046 intelligi
697 2006 836 2046 potest.’'

64 2052 160 2082 Halm
176 2052 272 2081 refers
294 2055 327 2081 to
345 2051 463 2087 Cicero,
480 2050 530 2080 Ad
547 2051 614 2080 Att.
630 2050 681 2079 vii.
699 2052 718 2081 9
732 2062 738 2079 :
766 2052 784 2066 ‘⁶
798 2050 836 2079 L.

63 2095 213 2127 Quintius
238 2095 398 2124 familiaris
425 2104 513 2123 meus
534 2093 573 2122 ad
590 2093 717 2123 bustum
740 2093 836 2122 Basili

61 2138 243 2167 vulneratus
258 2141 290 2167 et
305 2137 457 2176 spoliatus
472 2135 554 2166 est.'’

107 2181 318 2210 Sustinuisset
335 2180 410 2219 hoc]
455 2179 523 2209 The
538 2178 627 2218 place
642 2178 745 2208 would
757 2178 836 2208 have

61 2224 199 2263 repelled
215 2224 269 2253 the
286 2223 399 2262 charge
421 2222 543 2261 against
566 2221 656 2251 Milo.
704 2221 736 2251 If
758 2222 831 2251 Clo-

62 2267 132 2296 dius
157 2267 217 2296 had
242 2266 321 2296 been
348 2266 443 2295 killed
468 2265 566 2301 there,
584 2265 609 2294 it
627 2265 728 2303 might
755 2265 833 2294 have

62 2309 142 2338 been
163 2310 228 2339 said
245 2309 313 2338 that
337 2309 377 2338 he
393 2318 454 2338 was
478 2308 572 2337 killed
594 2307 634 2346 by
650 2308 835 2338 robbers.—

63 2352 195 2381 ‘deinde
219 2352 262 2381 ibi
289 2352 379 2381 multi
404 2351 442 2381 ab
467 2350 552 2380 i1102’
576 2351 638 2380 this
661 2351 686 2380 is
703 2351 836 2380 another

62 2395 297 2425 circumstance.
343 2395 442 2433 Many
466 2393 527 2423 had
555 2395 632 2423 been
657 2393 776 2423 robbed
793 2394 835 2432 by

62 2437 191 2468 Clodius
218 2437 301 2473 here,
328 2448 361 2466 so
389 2437 429 2466 he
453 2446 541 2476 says;
575 2437 637 2466 and
659 2436 747 2466 these
773 2437 833 2466 and

62 2481 168 2510 others
183 2480 252 2509 who
269 2480 328 2510 had
343 2479 476 2509 suffered
492 2480 571 2509 from
589 2480 717 2510 Clodius
734 2480 834 2518 might

61 2524 140 2553 have
165 2523 245 2552 been
276 2523 458 2562 suspected;
497 2522 537 2552 all
568 2522 694 2552 Etruria
731 2523 833 2561 might

61 2567 139 2596 have
168 2565 247 2595 been
272 2565 459 2595 summoned
480 2569 512 2594 to
538 2566 618 2599 trial,
636 2565 684 2594 for
709 2565 836 2595 Etruria

61 2609 123 2639 had
139 2609 274 2638 suffered
289 2608 368 2637 from
387 2608 527 2643 Clodius,
539 2608 578 2647 (c.
597 2608 642 2648 9),
660 2609 720 2637 aud
734 2609 836 2647 might

61 2652 101 2682 be
130 2651 287 2691 supposed
317 2651 412 2690 ready
443 2654 475 2680 to
506 2651 562 2680 kill
592 2651 657 2680 him
689 2651 780 2680 when
811 2651 836 2681 it

61 2695 164 2725 could.

104 2738 147 2768 ad
161 2736 338 2776 Albanum]
369 2736 406 2766 T.
424 2736 461 2766 Ε.
481 2736 531 2773 S.;
558 2739 564 2753 ‘
579 2736 618 2765 ad
635 2746 667 2766 sc
683 2736 721 2766 ad
738 2736 834 2766 Alba-

60 2791 135 2810 num
149 2780 156 2792 ’
174 2780 222 2815 C.,
234 2790 267 2809 as
281 2779 397 2810 Gruter
409 2782 544 2818 sayS.——‘
560 2779 650 2812 Quod
665 2783 700 2808 ut
710 2780 802 2809 sciret
813 2779 832 2808 :y

61 2823 201 2861 ‘though
226 2823 265 2852 he
291 2822 343 2852 did
374 2821 489 2858 kn0w‚'
514 2832 549 2851 or
573 2822 738 2861 ‘granting
766 2823 835 2852 that

59 2866 141 2896 Milo
157 2866 209 2895 did
226 2865 339 2895 knOW.'

103 2910 209 2939 adhuc
226 2909 388 2946 constare]
436 2907 477 2938 So
495 2907 542 2936 far
562 2907 603 2936 all
618 2907 645 2936 is
661 2906 835 2937 consistent

881 1834 1066 1874 quentati0‚'
1092 1844 1126 1863 as
1148 1835 1181 1863 in
1207 1834 1260 1864 the
1281 1834 1373 1863 Auct.
1391 1834 1429 1863 ad
1449 1834 1657 1870 Herennium,

881 1878 921 1907 iv.
940 1888 966 1907 c.
987 1879 1036 1913 40,
1054 1876 1170 1916 quoted
1188 1877 1228 1915 by
1246 1877 1353 1906 Halm.
1399 1877 1468 1906 The
1483 1877 1607 1906 remark
1625 1877 1661 1906 of

882 1920 937 1949 the
954 1921 1056 1949 writer
1071 1920 1097 1949 is
1112 1920 1225 1955 uset'uL
1240 1920 1361 1958 though
1383 1919 1471 1949 these
1490 1919 1658 1949 rhetorical

882 1973 991 1993 names
1012 1963 1074 1992 and
1090 1963 1239 1992 divisions
1256 1973 1308 1992 are
1329 1962 1513 1992 worthless:
1541 1965 1559 1979 “
1574 1963 1657 2001 ejus-

882 2006 953 2036 dem
975 2006 1096 2045 generis
1113 2008 1160 2035 est
1181 2006 1234 2035 illa
1253 2006 1464 2045 frequentatio
1487 2015 1567 2044 quae
1585 2006 1657 2045 plu-

881 2049 996 2078 rimum
1029 2049 1290 2087 conjecturalibus
1325 2049 1440 2078 caussis
1471 2048 1656 2087 opitulatur,

882 2102 980 2131 quum
1011 2092 1214 2130 suspiciones,
1245 2102 1325 2131 quae
1356 2092 1524 2131 separatim
1555 2092 1657 2121 dictae

880 2135 1021 2164 minutae
1044 2138 1076 2164 et
1097 2135 1241 2164 infirmae
1266 2138 1350 2170 sunt,
1374 2144 1472 2164 unum
1496 2134 1530 2163 in
1552 2134 1657 2164 locum

881 2181 1006 2208 coactae
1017 2188 1082 2207 rem
1095 2178 1241 2207 videntur
1253 2177 1448 2217 perspicuam
1464 2177 1574 2213 facere,
1591 2187 1656 2207 non

877 2221 1091 2260 suspiciosam,
1134 2221 1194 2250 hoc
1232 2225 1324 2260 pacto
1347 2232 1354 2250 ε
1396 2220 1506 2250 Nolite
1550 2220 1655 2259 igitur,

877 2265 986 2299 nolite,
1000 2264 1132 2303 judices,
1151 2274 1186 2293 ea
1202 2274 1282 2303 quae
1298 2262 1361 2293 dixi
1377 2263 1545 2303 separatim
1566 2273 1655 2303 spec-

879 2310 954 2343 tare,
987 2307 1041 2337 sed
1079 2307 1184 2336 onmia
1221 2307 1358 2346 colligite
1391 2311 1422 2336 et
1452 2306 1592 2336 conferte
1621 2306 1655 2336 in

879 2349 1016 2380 unum.''
1064 2350 1116 2379 He
1137 2350 1198 2379 had
1215 2349 1322 2379 before
1341 2349 1466 2379 defined
1491 2349 1656 2389 ‘frequen-

879 2393 977 2423 tatio'
1008 2393 1167 2432 generally
1201 2393 1295 2422 thus:
1333 2392 1576 2432 “frequentatio
1607 2395 1656 2422 est

879 2446 976 2476 quum
1001 2446 1051 2466 res
1075 2437 1107 2465 in
1133 2438 1201 2465 tota
1224 2445 1333 2466 caussa
1355 2435 1513 2474 dispersae
1536 2445 1655 2474 cogun-

879 2483 931 2509 tur
956 2480 989 2508 in
1014 2489 1113 2509 unum
1138 2488 1200 2519 quo
1231 2479 1354 2518 gravior
1379 2482 1434 2508 aut
1460 2478 1655 2508 criminosior

877 2523 977 2552 oratio
993 2521 1068 2552 sit.''

923 2566 1007 2595 nihil
1039 2564 1204 2604 umquam]
1253 2564 1356 2594 There
1385 2564 1412 2593 is
1441 2574 1460 2593 a
1493 2563 1586 2593 letter
1623 2563 1659 2594 of

880 2607 1000 2644 Cicero,
1019 2608 1067 2637 Ad
1090 2608 1157 2638 Att.
1183 2608 1223 2637 iv.
1247 2609 1277 2644 3,
1300 2607 1425 2636 written
1451 2606 1484 2636 in
1512 2615 1574 2636 13.c.
1600 2608 1650 2642 57,

879 2651 912 2680 in
928 2651 1029 2681 which
1046 2651 1156 2681 Cicero
1180 2660 1250 2689 says
1274 2650 1345 2680 that
1369 2650 1450 2679 Milo
1470 2649 1655 2678 threatened

879 2698 913 2724 to
926 2694 982 2723 kill
994 2694 1134 2724 Clodius.
1168 2693 1331 2729 However,
1342 2693 1405 2725 this
1415 2702 1477 2722 was
1487 2701 1557 2721 now
1567 2701 1654 2721 some

879 2737 955 2766 time
967 2746 1037 2775 ago,
1053 2736 1113 2766 and
1127 2736 1236 2766 Cicero
1248 2735 1350 2774 might
1366 2745 1419 2774 say
1430 2735 1512 2764 what
1527 2734 1567 2762 he
1583 2743 1653 2773 says

879 2779 954 2808 here
970 2780 1044 2809 with
1063 2789 1096 2808 as
1113 2779 1207 2808 much
1230 2779 1319 2808 truth
1345 2788 1379 2807 as
1402 2778 1442 2807 he
1465 2786 1535 2815 says
1559 2787 1653 2816 many

880 2822 971 2852 other
995 2822 1111 2860 things.
1158 2822 1219 2851 We
1242 2832 1313 2860 may
1336 2821 1401 2851 also
1426 2828 1561 2858 suppose
1584 2819 1654 2849 that

879 2865 1013 2904 nothing
1025 2865 1059 2894 of
1071 2865 1134 2894 this
1145 2864 1221 2894 kind
1236 2864 1297 2894 had
1310 2864 1391 2894 been
1402 2862 1518 2902 proved
1531 2862 1654 2901 against

879 2907 960 2938 Milo
975 2918 1017 2938 on
1033 2907 1097 2938 this
1113 2907 1195 2937 trial.
