1816 3211
283 164 445 206 ORAT
495 164 612 205 PRO
645 163 811 205 REGE
843 162 1164 203 DEIOTARO
1199 162 1332 204 OAP.
1366 165 1402 214 1,
1434 165 1472 204 2.
1592 165 1674 207 427

81 277 269 333 Fugitivi
309 282 452 319 autem
494 278 705 319 dominum
744 277 996 326 accusantis,
1039 281 1083 318 et
1123 276 1338 318 dominum
1376 277 1594 317 absentem
1629 282 1673 318 et

77 343 291 384 dominum
332 342 629 383 amicissimum
668 347 837 383 nostrae
870 342 928 382 rei
969 342 1173 397 publicae,
1209 356 1337 396 quum
1379 356 1426 382 os
1465 341 1669 392 videbam,

77 423 205 463 quum
227 407 353 448 verba
379 408 612 458 audiebam,
636 422 719 448 non
740 412 827 447 tam
857 407 1056 448 afflictam
1078 407 1237 462 regiam
1259 405 1540 446 conditionem
1563 406 1673 446 dole-

76 473 173 513 bam
206 487 331 527 quam
366 473 416 513 de
451 473 628 514 fortunis
669 472 955 514 communibus
996 472 1333 513 extimescebam.
1397 471 1506 511 Nam
1547 486 1674 526 quum

76 552 191 578 more
227 538 431 592 majorum
454 538 504 577 de
525 552 644 578 servo
675 537 717 577 in
750 537 964 578 dominum
994 552 1045 577 ne
1076 537 1298 578 tormentis
1333 536 1496 591 quidem
1533 536 1674 591 quaeri

76 602 210 653 liceat,
235 602 277 642 in
299 617 381 657 qua
402 603 645 657 quaestione
671 602 788 643 dolor
809 617 950 642 veram
970 616 1116 642 vocem
1147 602 1295 643 elicere
1316 601 1450 657 possit
1472 601 1599 642 etiam
1619 603 1672 642 ab

76 667 218 716 invito,
244 673 415 723 exortus
437 671 502 707 est
523 681 679 717 servus,
704 666 785 721 qui,
809 681 931 721 quem
953 665 995 706 in
1017 667 1160 708 eculeo
1181 666 1390 722 appellare
1412 681 1495 707 non
1515 672 1670 722 posset,

75 747 170 773 eum
191 737 365 773 accuset
387 732 563 774 solutus.

134 797 197 839 II.
230 798 463 838 Perturbat
494 811 573 846 me,
593 796 639 837 G.
664 796 830 846 Caesar,
855 795 980 837 etiam
1011 797 1112 837 illud
1134 796 1358 844 interdum,
1384 796 1493 851 quod
1515 801 1673 846 tamen,

75 877 203 918 quum
224 869 268 904 te
295 863 461 917 penitus
493 861 727 917 recognovi,
760 860 908 901 timere
945 861 1117 902 desino:
1152 876 1196 902 re
1226 861 1335 902 enim
1371 861 1557 915 iniquum
1592 867 1670 910 est,

75 928 148 969 sed
170 933 245 969 tua
266 927 473 982 sapientia
494 927 543 967 fit
563 922 869 980 aequissimum.
932 925 1041 966 Nam
1071 926 1207 967 dicere
1236 926 1347 980 apud
1369 940 1462 966 eum
1494 926 1545 966 de
1576 926 1672 966 faci-

74 1007 188 1041 nore,
221 997 368 1033 eontra
397 992 516 1046 cujus
537 991 667 1032 vitam
702 990 920 1031 consilium
955 991 1151 1032 facinoris
1184 991 1309 1031 inisse
1330 1005 1520 1045 arguare,
1543 991 1577 1031 si
1600 1006 1673 1046 per

73 1073 117 1099 se
139 1058 273 1113 ipsum
296 1056 546 1104 consideres,
569 1070 698 1111 grave
720 1061 814 1103 est3
848 1070 970 1096 nemo
993 1056 1103 1097 enim
1124 1057 1209 1097 fere
1231 1061 1298 1096 est
1319 1056 1388 1111 qui
1414 1056 1476 1096 sui
1499 1056 1672 1111 periculi

69 1123 200 1177 judex
220 1137 303 1163 non
325 1122 404 1163 sibi
425 1137 470 1162 se
497 1121 737 1177 aequiorem
768 1136 891 1176 quam
928 1137 999 1162 reo
1035 1123 1262 1177 praebeat:
1297 1122 1371 1162 sed
1392 1128 1477 1170 tua,
1504 1122 1669 1172 Caesar,

74 1192 293 1242 praestans
332 1187 638 1241 singularisque
671 1191 822 1227 natura
863 1187 971 1227 hunc
1007 1186 1107 1226 mihi
1147 1191 1308 1228 metum
1351 1186 1510 1227 minuit.
1574 1187 1614 1227 N
1618 1202 1671 1227 on

74 1252 184 1293 enim
216 1257 304 1293 tam
335 1251 463 1292 timeo
497 1252 595 1306 quid
617 1256 664 1292 tu
685 1252 736 1291 de
758 1266 855 1305 rege
879 1251 1095 1301 Deiotaro,
1128 1266 1253 1306 quam
1289 1251 1475 1306 intelligo
1499 1252 1597 1306 quid
1620 1253 1670 1292 de

73 1322 117 1358 te
139 1321 302 1357 ceteros
323 1316 424 1357 velis
440 1316 643 1370 judicare.
707 1315 752 1355 M
760 1330 884 1356 oveor
905 1315 1030 1356 etiam
1052 1316 1130 1356 loci
1153 1316 1284 1370 ipsius
1305 1316 1535 1365 insolentia,
1561 1317 1671 1371 quod

72 1386 238 1423 tantam
260 1396 462 1428 caussam,
483 1385 642 1435 quanta
662 1380 774 1420 nulla
795 1395 991 1435 umquam
1014 1380 1055 1420 in
1078 1380 1382 1435 disceptatione
1404 1389 1570 1422 versata
1590 1387 1667 1431 est,

74 1446 168 1487 dico
196 1446 305 1487 intra
336 1446 588 1486 domesticos
619 1445 813 1500 parietes,
845 1445 938 1485 dico
969 1450 1089 1486 extra
1119 1450 1371 1486 conventum
1404 1450 1447 1485 et
1479 1460 1569 1485 eam
1591 1446 1669 1486 fre-

72 1511 283 1566 quentiam
304 1510 346 1551 in
377 1525 459 1566 qua
487 1515 697 1551 oratorum
726 1511 866 1551 studia
894 1510 971 1551 niti
994 1511 1156 1556 solent;
1190 1510 1230 1550 in
1253 1510 1337 1551 tuis
1365 1510 1506 1559 oculis,
1531 1511 1668 1552 intuo

72 1590 143 1616 ore
164 1576 361 1631 vultuque
391 1575 640 1630 acquiesco:
679 1582 721 1616 te
743 1590 868 1615 unum
890 1575 1082 1622 intueor;
1118 1576 1171 1615 ad
1193 1580 1236 1616 te
1259 1590 1386 1614 unum
1414 1575 1547 1616 onmis
1577 1591 1669 1617 mea

70 1645 238 1695 spectat
259 1641 391 1681 oratio
410 1656 418 1680 :
453 1654 557 1694 quae
579 1639 679 1679 mihi
701 1640 754 1679 ad
776 1654 892 1694 spem
923 1640 1176 1680 obtinendae
1199 1639 1389 1680 veritatis
1421 1640 1668 1694 gravissima

69 1710 180 1755 sunt,
199 1706 252 1745 ad
274 1710 436 1746 motum
456 1704 582 1745 animi
605 1709 648 1745 et
669 1705 900 1756 advomnem
923 1704 1125 1759 impetum
1147 1704 1310 1744 dicendi
1334 1705 1668 1746 contentionem-

70 1785 149 1825 que
180 1770 345 1811 leviora.
411 1770 535 1810 Hanc
571 1769 695 1818 enim,
732 1769 777 1811 G.
803 1769 970 1819 Caesar,
1000 1784 1192 1810 caussam
1213 1769 1248 1808 si
1280 1769 1320 1808 iu
1351 1770 1440 1809 foro
1473 1770 1664 1819 dicerem,

70 1835 216 1876 eodem
246 1835 442 1876 audiente
464 1842 508 1875 et
529 1834 793 1889 disceptante
815 1840 872 1883 te,
896 1840 1096 1889 quantam
1118 1833 1217 1873 mihi
1239 1833 1503 1884 alacritatem
1525 1837 1667 1890 populi

70 1899 246 1940 Romani
280 1914 509 1940 concursus
541 1900 722 1941 afferret.
786 1900 890 1952 Quis
926 1899 1035 1940 enim
1072 1898 1172 1939 civis
1193 1899 1230 1939 ei
1252 1899 1340 1953 regi
1375 1914 1457 1939 non
1493 1900 1665 1949 faveret,

68 1964 187 2018 cujus
220 1978 382 2004 omnem
418 1968 601 2005 aetatem
634 1964 676 2004 in
708 1965 849 2020 populi
887 1964 1064 2004 Romani
1099 1963 1215 2004 bellis
1253 1957 1547 2018 consumptam
1575 1980 1666 2007 esse

69 2028 353 2069 meminisset?
416 2027 660 2083 Spectarem
693 2029 863 2078 curiam,
896 2029 1082 2069 intuerer
1114 2028 1261 2078 forum,
1298 2029 1457 2069 eaelum
1489 2030 1666 2085 denique

68 2097 250 2134 testarer
290 2092 439 2147 ipsum.
514 2092 596 2142 Sic,
640 2107 766 2147 quum
809 2099 852 2134 et
893 2094 1063 2134 deorum
1104 2093 1400 2135 immortalium
1441 2099 1485 2134 et
1525 2096 1665 2149 populi

69 2157 246 2197 Romani
268 2161 312 2198 et
333 2161 506 2197 senatus
528 2158 729 2198 beneficia
751 2157 792 2198 in
814 2173 957 2213 regem
981 2157 1230 2199 Deiotarum
1262 2158 1519 2205 recordarer,
1553 2160 1664 2200 nullo

68 2222 192 2262 modo
214 2221 313 2262 mihi
336 2223 480 2262 deesse
501 2229 643 2276 posset
665 2223 812 2263 oratio.
861 2224 978 2275 Quae
1000 2222 1194 2277 quoniam
1216 2223 1461 2278 angustiora
1482 2225 1665 2278 parietes

68 2286 240 2333 faciunt,
262 2286 457 2341 actioque
479 2301 651 2327 caussae
673 2287 851 2328 maxime
873 2287 1116 2328 debilitatur
1135 2287 1240 2335 loce,
1258 2293 1377 2329 tuum
1399 2293 1477 2337 est,
1495 2288 1660 2338 Caesar,

68 2350 136 2406 qui
159 2365 234 2405 pro
264 2350 407 2392 multis
434 2365 557 2406 saepe
588 2351 743 2401 dixisti,
767 2351 864 2406 quid
887 2366 996 2393 nunc
1026 2352 1126 2392 mihi
1157 2352 1283 2393 animi
1315 2353 1370 2394 sit
1391 2353 1443 2393 ad
1464 2358 1505 2394 te
1528 2354 1663 2409 ipsum

109 2464 140 2493 2.
165 2463 248 2492 illud
285 2463 463 2503 interdum]
513 2463 635 2493 ‘Illud’
672 2463 768 2493 refers
806 2466 839 2493 to
885 2465 976 2501 citus,
1010 2464 1164 2504 Dialogus
1203 2465 1242 2494 de
1273 2465 1330 2496 Or.
1363 2476 1389 2496 c.
1427 2468 1479 2502 39,
1514 2467 1661 2496 “oratori

68 2509 75 2523 ‘
88 2506 171 2536 Nam
196 2506 319 2540 ‹licen-‚⁹
338 2510 449 2537 &e.—.⁴
463 2517 559 2546 quum
581 2511 613 2536 te
639 2507 766 2545 penitus
791 2517 839 2535 re·
885 2512 989 2537 autem
1007 2508 1142 2537 clinum-e
1160 2508 1335 2548 plausuque
1351 2519 1431 2548 opus
1455 2514 1502 2539 est
1528 2515 1558 2539 et
1577 2511 1661 2539 velut

67 2549 196 2587 cognovi
212 2548 231 2577 :³
250 2549 354 2578 'when
368 2550 380 2578 I
394 2550 499 2578 retloot
510 2560 550 2578 on
567 2559 644 2588 your
657 2549 838 2579 clun-aeter)
885 2550 1021 2589 quodam
1039 2550 1198 2586 theatro,''
1217 2553 1274 2581 ἃς.

67 2595 118 2613 -·
132 2592 155 2620 si
170 2601 224 2630 per
237 2601 269 2619 se
282 2591 300 2620 τ’
319 2596 434 2631 ‘quum
452 2602 507 2631 per
520 2592 573 2626 ΜΨ
588 2592 623 2620 (ἶ.
640 2592 671 2621 F.
691 2592 840 2621 llahn.—
929 2593 1143 2632 disceptante]
1195 2594 1252 2623 See
1277 2594 1347 2623 Vol.
1377 2594 1396 2623 i.
1425 2595 1589 2624 Index—⁶
1605 2605 1660 2633 pro

68 2635 145 2663 ‘loci
163 2634 260 2672 ipsius
277 2635 443 2663 insolentia
456 2635 474 2664 ε’
500 2635 554 2663 the
570 2645 640 2664 cnse
657 2645 718 2663 was
742 2635 837 2664 heard
885 2636 992 2665 multis
1009 2646 1100 2675 saepe
1113 2635 1132 2665 :’
1158 2646 1208 2665 see
1229 2637 1286 2666 l'ro
1307 2636 1440 2673 Ligario,
1460 2648 1485 2666 c.
1509 2638 1657 2666 loffssiiael

66 2677 98 2707 in
129 2677 272 2706 (laesarsss
303 2677 400 2706 house
432 2678 529 2716 (iutra
560 2677 750 2706 domesticos
782 2687 837 2716 pa-
883 2682 914 2708 tc
937 2679 1039 2717 ipsum
1063 2679 1209 2708 referre:y
1237 2684 1288 2708 ‘to
1308 2680 1404 2718 jndge
1434 2680 1475 2712 hv
1498 2679 1657 2718 y‹nn·.«·h.'

66 2720 188 2758 rietes),
221 2724 363 2758 contrary
396 2724 428 2749 to
462 2720 583 2749 Roman
623 2720 756 2755 sashiom
789 2720 837 2749 for
881 2731 915 2750 as
932 2731 977 2750 we
995 2721 1096 2760 might
1117 2732 1182 2760 say.
1234 2722 1283 2751 110
1309 2728 1393 2751 must
1417 2714 1498 2751 rvi'm·
1520 2727 1551 2750 to
1577 2722 1656 2750 him-

66 2772 148 2801 opeu
173 2767 278 2792 courts
305 2763 365 2792 and
390 2773 472 2801 open
497 2763 582 2792 trials
606 2772 685 2792 were
708 2773 726 2792 a
751 2763 834 2802 prin·
880 2764 941 2793 self
968 2768 1000 2793 to
1028 2764 1120 2793 know
1147 2765 1230 2794 what
1262 2764 1398 2794 ('i‹·ero's
1431 2765 1560 2796 reclinas
1591 2774 1654 2792 arv.

67 2805 146 2844 ciple
162 2805 197 2833 of
219 2805 568 2844 theirjurisprudence;
594 2805 651 2834 but
667 2805 766 2835 under
782 2806 836 2835 the
883 2807 933 2836 lle
960 2816 1029 2846 says
1055 2806 1152 2846 (Phil.
1180 2807 1211 2836 ii.
1234 2817 1259 2836 e.
1285 2807 1318 2846 6)
1345 2807 1490 2845 “ecquid
1516 2806 1553 2834 :nl
1582 2815 1653 2833 eum

67 2847 208 2887 imperial
230 2852 347 2887 system
363 2848 425 2878 and
449 2848 480 2877 in
502 2849 542 2877 its
559 2848 636 2877 later
651 2847 727 2886 days
751 2858 836 2878 cases
880 2858 1018 2888 unquam
1040 2850 1078 2879 de
1098 2859 1130 2879 re
1154 2850 1277 2888 publica
1296 2850 1444 2879 rettulisti
1457 2847 1492 2877 ?''
1510 2849 1539 2876 in
1558 2858 1574 2876 a
1593 2847 1653 2875 liki-

68 2900 148 2920 were
172 2890 264 2920 heard
290 2891 451 2930 privately.
501 2890 593 2919 Halm
616 2890 710 2919 refers
726 2894 758 2919 to
774 2890 835 2920 Ta-
881 2901 984 2921 sense.
