1816 3211
658 207 791 248 OAP.
824 207 889 255 10,
924 207 991 245 11.
1540 202 1620 244 547

31 320 146 361 Nihil
175 319 334 361 felicius
355 322 362 360 !
428 319 560 361 Modo
581 319 690 360 enim
711 333 761 360 ex
784 318 929 359 Africa
949 319 1188 359 decesserat
1215 320 1259 357 et
1289 313 1406 371 quasi
1433 312 1620 354 divinans

30 399 75 426 se
103 385 334 426 rediturum
362 385 466 425 duos
500 385 660 439 legatos
696 383 850 425 Uticae
886 383 1123 438 reliquerat.
1184 381 1349 422 Deinde
1388 379 1451 420 M.
1475 377 1619 419 Cusini

33 449 184 498 Sicilia,
219 449 267 500 Q.
296 448 429 490 Cassii
462 449 681 504 Hispania.
745 448 840 488 Non
871 448 1004 488 habeo
1035 447 1135 502 quid
1163 446 1365 500 suspicer.
1428 443 1622 483 Duarum

30 514 153 554 credo
173 514 478 568 provinciarum
500 520 637 555 sortes
656 514 792 554 minus
813 513 973 553 divinas
993 513 1132 553 fuisse.
1196 511 1282 551 XI.
1318 510 1354 550 Ο
1378 509 1425 549 G.
1449 509 1617 555 Caesar,

29 577 337 619 adolescentem
357 579 533 633 appello,
557 594 681 633 quam
702 584 750 619 tu
770 579 946 619 salutem
971 577 1030 618 rei
1061 574 1463 632 publicaeattulisti,
1495 585 1620 627 quam

28 642 306 697 improvisam,
325 658 450 697 quam
467 644 728 698 repentinam
746 646 753 683 !
809 643 890 695 Qui
911 643 1019 683 enim
1037 643 1138 683 haec
1159 641 1320 695 fugiens
1341 638 1500 684 fecerit,
1520 634 1621 692 quid

27 707 189 748 faceret
208 708 458 762 insequens?
521 707 690 748 Etenim
720 708 762 748 in
790 708 982 748 contione
1005 708 1170 747 dixerat
1191 720 1235 746 se
1257 704 1476 745 custodem
1505 702 1617 742 futu-

27 786 120 812 rum
148 771 274 821 urbis,
308 786 434 826 seque
465 786 596 825 usque
623 772 676 812 ad
710 771 922 811 Kalendas
957 771 1095 811 Maias
1129 770 1182 809 ad
1212 769 1359 809 urbem
1386 766 1619 807 exercitum

27 836 283 877 habiturum.
335 836 370 877 Ο
393 836 650 891 praeclarum
671 836 889 876 custodem
906 836 1055 884 ovium,
1074 840 1123 875 ut
1143 834 1273 882 aiunt,
1292 833 1434 887 lupum
1455 833 1463 870 !
1518 830 1620 871 Cus-

27 905 152 942 tosne
173 900 288 941 urbis
308 915 361 941 an
389 900 576 955 direptor
597 905 640 941 et
661 905 838 940 vexator
858 905 970 940 esset
992 898 1234 941 Antonius?
1295 897 1354 937 Et
1380 895 1546 950 quidem
1576 907 1621 934 se

28 965 297 1007 introiturum
327 965 369 1005 in
396 966 541 1006 urbem
563 964 670 1006 dixit
691 965 983 1019 exiturumque
1004 979 1133 1019 quum
1154 962 1289 1003 vellet.
1351 959 1459 1011 Quid
1492 957 1621 998 illud?

30 1030 181 1070 Nonne
220 1030 416 1070 audiente
450 1030 604 1084 populo
640 1029 789 1070 sedens
828 1044 904 1084 pro
939 1029 1041 1070 aede
1078 1026 1266 1068 Castoris
1299 1024 1405 1066 dixit
1439 1023 1519 1063 nisi
1551 1021 1621 1077 qui

28 1093 196 1135 vicisset
216 1093 424 1135 victurum
445 1093 678 1134 neminem?

88 1157 304 1199 Hodierno
327 1158 393 1199 die
413 1158 602 1213 primum,
624 1157 785 1213 [patres
800 1156 1061 1212 conscripti,]
1081 1156 1206 1211 longo
1224 1153 1442 1196 intervallo
1463 1153 1504 1193 in
1525 1165 1623 1205 pos-

30 1221 259 1263 sessionem
304 1221 514 1262 libertatis
554 1223 703 1276 pedem
747 1222 950 1276 ponimus,
990 1222 1109 1275 cujus
1152 1220 1319 1275 quidem
1358 1232 1437 1272 ego
1477 1214 1622 1271 quoad

30 1286 149 1340 potui
194 1300 278 1325 non
317 1286 441 1326 modo
482 1287 689 1335 defensor,
731 1287 804 1327 sed
845 1287 971 1327 etiam
1010 1290 1278 1325 conservator
1318 1282 1390 1323 fui.
1478 1282 1618 1333 Quum

31 1355 174 1392 autem
203 1350 245 1390 id
275 1350 412 1390 facere
440 1364 524 1390 non
555 1365 732 1404 possem,
754 1350 915 1404 quievi3
948 1365 1024 1390 nec
1054 1350 1220 1402 abjecte
1257 1362 1335 1388 nec
1366 1347 1454 1387 sine
1483 1345 1620 1399 aliqua

31 1414 238 1468 dignitate
275 1428 418 1454 casum
457 1414 571 1454 illum
610 1420 848 1468 temporum
883 1420 925 1454 et
965 1414 1151 1454 dolorem
1192 1412 1280 1452 tuli.
1361 1411 1485 1450 Hanc
1521 1423 1618 1449 vero

31 1478 316 1519 taeterrimam
338 1478 515 1518 belluam
537 1479 629 1532 quis
660 1478 766 1519 serre
797 1483 939 1532 posset
968 1483 1043 1518 aut
1063 1477 1297 1532 quomodo?
1360 1475 1470 1528 Quid
1492 1479 1557 1514 est
1578 1473 1620 1512 in

31 1541 221 1582 Antonio
252 1547 419 1596 praeter
454 1542 679 1592 libidinem,
715 1542 1017 1590 crudelitatem,
1052 1541 1339 1596 petulantiam,
1373 1538 1622 1580 audaciam?

33 1605 102 1646 Ex
137 1605 202 1646 his
235 1611 352 1646 totus
386 1606 701 1660 conglutinatus
733 1610 811 1646 est.
875 1605 987 1645 Nihil
1014 1610 1191 1660 apparet
1225 1604 1267 1644 in
1297 1618 1346 1644 eo
1380 1604 1618 1658 ingenuum,

30 1669 132 1710 nihil
161 1670 437 1720 moderatum,
467 1670 569 1710 nihil
600 1670 771 1725 pudenS,
807 1670 907 1709 nihil
939 1670 1149 1725 pudicum.
1212 1668 1491 1723 Quapropter,
1521 1680 1624 1722 quo-

30 1734 144 1775 niam
164 1748 231 1775 res
251 1734 293 1774 in
314 1734 355 1774 id
376 1734 600 1775 discrimen
621 1735 803 1775 adducta
823 1739 900 1784 est,
924 1739 1067 1775 utrum
1088 1734 1155 1774 ille
1175 1747 1331 1787 poenas
1352 1733 1411 1772 rei
1434 1732 1622 1787 publicae

31 1798 120 1839 luat
141 1812 194 1839 an
215 1812 293 1839 nos
314 1798 554 1848 serviamus,
579 1798 814 1853 aliquando,
838 1813 912 1853 per
940 1799 1039 1838 deos
1069 1797 1340 1844 immortales,
1363 1803 1506 1851 patres
1527 1810 1622 1836 con-

32 1862 191 1917 scripti,
223 1863 406 1918 patrium
435 1863 619 1903 animum
648 1863 932 1917 virtutemque
960 1863 1186 1918 capiamus,
1212 1868 1260 1903 ut
1287 1866 1360 1902 aut
1385 1862 1625 1902 libertatem

32 1927 242 1981 propriam
266 1927 443 1968 Romani
472 1933 517 1968 et
544 1927 712 1983 generis
740 1933 783 1969 et
814 1928 992 1969 nominis
1021 1941 1317 1982 recuperemus
1346 1931 1422 1967 aut
1445 1932 1625 1967 mortem

33 1990 227 2031 servituti
247 1996 560 2045 anteponamus.
624 1992 766 2032 Multa
798 2007 906 2047 quae
937 1993 979 2033 in
1006 1992 1137 2032 libera
1158 1991 1330 2034 civitate
1351 1991 1521 2032 ferenda
1542 2005 1624 2031 non

33 2058 175 2094 essent
207 2054 379 2094 tulimus
412 2059 456 2096 et
485 2056 670 2110 perpessi
704 2071 860 2105 sumus,
895 2056 965 2096 alii
1001 2070 1074 2110 spe
1107 2056 1284 2097 forsitan
1316 2056 1625 2110 recuperandae

32 2117 255 2168 libertatis,
278 2118 347 2158 alii
375 2119 547 2160 vivendi
569 2120 696 2160 nimia
726 2121 969 2175 cupiditate.
1033 2119 1116 2160 Sed
1148 2120 1183 2160 si
1215 2121 1284 2160 illa
1313 2120 1495 2169 tulimus,
1519 2134 1623 2174 quac

33 2196 111 2223 nos
138 2183 367 2223 necessitas
399 2183 508 2224 ferre
536 2184 689 2237 coegit,
712 2199 818 2238 quae
847 2184 908 2224 vis
936 2184 1141 2238 quaedam
1171 2198 1304 2238 paene
1334 2184 1485 2231 fatalis,
1518 2197 1625 2237 quae

34 2250 177 2287 tamen
212 2247 304 2302 ipsa
338 2262 420 2287 non
454 2247 639 2297 tulimus,
676 2248 856 2288 etiamne
890 2248 1014 2301 hujus
1046 2247 1198 2302 impuri
1231 2247 1406 2287 latronis
1441 2248 1622 2287 feremus

36 2311 327 2352 taeterrimum
349 2312 762 2367 crudelissimumque
785 2312 1071 2352 dominatum?

79 2407 205 2437 Deinde
221 2429 229 2437 .
247 2428 254 2437 .
273 2429 281 2436 .
298 2408 476 2447 Hispania]
525 2408 594 2438 The
618 2419 709 2438 name
725 2411 733 2425 ‘
745 2408 808 2438 Cu·
854 2407 965 2437 shows.
1011 2406 1157 2437 Muretus
1174 2417 1336 2447 compares
1348 2408 1498 2443 Terence,
1516 2408 1625 2438 Eunu-

36 2449 115 2480 sini'
154 2449 180 2479 is
209 2453 347 2488 corrupt,
377 2450 439 2479 and
477 2451 654 2490 something
690 2451 753 2480 else
783 2451 808 2480 is
853 2450 1033 2486 chus,v.1.
1056 2452 1110 2480 16;
1138 2454 1156 2465 ‘⁴
1169 2451 1316 2486 Scelesta,
1339 2460 1428 2480 ovem
1452 2451 1526 2490 lupo
1543 2461 1626 2480 coui-

35 2501 154 2530 wrong.
201 2492 294 2521 Some
309 2492 444 2521 editions
463 2493 540 2522 have
557 2494 744 2522 ⁴M.10‹eius
761 2493 806 2522 Si.
854 2491 1000 2521 misisti.·'
1058 2493 1117 2522 See
1146 2492 1200 2522 the
1230 2496 1305 2523 note
1334 2503 1373 2522 on
1399 2493 1548 2529 Terence,
1576 2493 1625 2523 ed.

37 2533 338 2564 ciliam.'—⁴minus
353 2534 506 2564 divinas:'
525 2535 605 2564 heis
617 2536 762 2573 sneering
777 2538 809 2564 ut
856 2535 961 2573 Parry,
987 2535 1056 2564 who
1087 2535 1183 2564 refers
1210 2539 1242 2564 to
1281 2535 1461 2566 Herodotus
1486 2537 1526 2566 iv.
1556 2537 1626 2570 142),

36 2576 92 2605 the
116 2575 257 2606 ‘sortes'
304 2576 343 2608 Q.
362 2577 487 2606 Cassius
510 2587 572 2607 was
587 2588 606 2606 a
629 2578 755 2607 brother
778 2578 814 2606 of
854 2577 956 2606 where
979 2577 1032 2607 the
1049 2578 1180 2617 proverb
1197 2587 1316 2613 occurs,
1334 2578 1550 2618 καταλείψειν
1575 2579 1627 2608 ὄϊν

38 2617 142 2648 Caius.
191 2618 241 2648 He
257 2628 326 2656 says
349 2619 418 2648 that
439 2620 527 2649 these
553 2623 615 2649 two
640 2630 722 2656 ineu,
740 2619 809 2649 who
854 2619 890 2650 ἐν
906 2619 1044 2649 λύκοισι.

36 2670 117 2690 were
137 2664 195 2690 not
219 2660 336 2690 friends
361 2662 396 2690 of
420 2661 465 2691 M.
483 2663 652 2698 Antonius,
669 2666 722 2701 got
738 2672 809 2701 pro-
898 2663 1107 2692 introiturum
1125 2684 1132 2691 .
1151 2684 1158 2692 .
1177 2684 1184 2691 .
1207 2662 1388 2701 avitarum]
1439 2663 1538 2701 Being
1567 2666 1574 2679 ⁴
1589 2663 1627 2692 ad

37 2703 153 2738 vinces,
180 2703 241 2733 and
266 2703 421 2733 therefore
447 2704 502 2734 the
533 2708 540 2720 ‘
553 2709 652 2734 sortes
666 2704 673 2717 ’
706 2714 739 2734 so
764 2705 811 2734 far
855 2709 962 2743 portas
976 2704 983 2718 '
1001 2705 1075 2734 with
1092 2705 1141 2735 his
1155 2715 1254 2744 army,
1273 2705 1312 2734 he
1332 2705 1422 2734 could
1439 2710 1495 2735 not
1516 2705 1627 2744 legally

36 2755 118 2775 were
137 2746 231 2785 right,
247 2745 308 2775 and
325 2749 332 2762 ‘
344 2747 449 2776 minus
469 2746 591 2776 divinae
603 2746 611 2759 '
632 2747 664 2776 in
681 2747 735 2777 the
749 2747 810 2777 bad
856 2751 944 2776 enter
959 2747 1013 2777 the
1028 2748 1101 2787 city.

38 2797 140 2818 sense.
900 2799 980 2828 quae
1013 2792 1117 2820 tamen
1155 2790 1224 2828 ipsa
1254 2799 1317 2819 non
1349 2789 1496 2829 tulimus]
1546 2789 1628 2818 ‘und

85 2831 134 2860 ll.
157 2839 250 2869 seque
270 2830 383 2869 usque]
411 2829 567 2861 Muretus.
612 2831 652 2861 V.
669 2831 725 2861 has
742 2834 749 2849 ⁸
764 2841 812 2862 se·
857 2834 910 2870 yet
944 2832 1023 2862 after
1049 2832 1089 2862 all
1120 2841 1165 2861 we
1189 2832 1242 2861 did
1272 2835 1329 2861 not
1359 2832 1477 2861 endure
1506 2832 1592 2860 them
1608 2830 1626 2866 ;’

39 2872 161 2912 quasq!
207 2872 248 2902 D.
267 2872 321 2902 has
339 2872 479 2911 ‘usqua’
857 2874 905 2903 for
926 2875 1001 2915 they
1023 2874 1085 2904 had
1111 2878 1166 2914 got
1191 2874 1238 2904 rid
1259 2874 1295 2904 of
1315 2874 1430 2904 Caesar
1454 2874 1495 2914 by
1518 2873 1628 2911 killiug

83 2914 243 2945 custodem
256 2915 376 2954 ovium]
403 2916 432 2945 A
442 2915 586 2954 proverb,
597 2924 631 2945 as
648 2918 655 2932 ‘
667 2918 703 2946 ut
714 2914 813 2946 aiunt’
858 2915 934 2946 him.

765 2972 791 2998 N
815 2972 841 2997 n
864 2962 888 2997 2
