1816 3211
278 216 456 259 ORAT.
491 216 610 258 PRO
643 215 734 258 CN.
768 216 1041 258 PLANCIO
1076 216 1209 259 OAP.
1244 220 1280 268 1,
1306 220 1345 258 2.
1526 221 1610 262 997

13 329 102 384 ejus
142 329 458 385 integerrimam
488 331 631 381 vitam,
674 329 1008 372 modestissimos
1043 345 1195 378 mores,
1233 344 1439 370 summam
1470 330 1606 381 fidem,

13 394 328 445 continentiam,
353 396 567 451 pietatem,
591 395 875 437 innocentiam
893 396 1128 445 ostendero,
1144 394 1246 436 nihil
1268 395 1318 435 de
1339 409 1474 450 poena
1494 409 1609 436 recu-

12 460 142 500 sabo:
177 459 241 500 sin
264 460 402 501 onmia
423 461 672 516 praestitero
711 476 816 516 quae
838 466 938 502 sunt
968 476 993 501 a
1026 460 1146 501 bonis
1177 459 1275 500 viris
1307 460 1604 515 exspectanda,

10 530 163 580 petam,
182 525 359 580 judices,
382 541 407 567 a
434 527 550 568 vobis
578 532 637 577 ut,
662 528 783 581 cujus
813 527 1100 568 misericordia
1130 526 1241 567 salus
1271 541 1365 567 mea
1396 526 1607 567 custodita

10 589 78 640 sit,
102 590 140 631 ei
172 605 246 632 vos
267 596 452 632 vestram
474 593 803 634 misericordiam
835 607 901 633 me
924 593 1179 648 deprecante
1200 591 1411 633 tribuatis.
1476 591 1606 646 Equi-

12 655 106 696 dem
127 656 180 696 ad
201 656 383 712 reliquos
404 658 579 708 labores,
605 672 710 713 quos
732 658 773 698 in
794 658 872 698 hac
902 672 1051 698 caussa
1071 658 1253 712 majores
1275 656 1456 712 suscipio
1480 670 1606 710 quam

8 720 51 761 in
73 721 236 770 ceteris,
260 722 387 763 etiam
409 723 515 764 hanc
536 724 773 765 molestiam
792 737 972 772 assumo,
997 723 1109 776 quod
1139 722 1240 762 mihi
1261 736 1344 762 non
1373 721 1507 762 solum
1528 735 1604 775 pro

12 785 88 827 Cn.
112 786 288 828 Plancio
324 787 546 829 dicendum
567 794 644 839 est,
669 789 788 843 cujus
819 802 898 842 ego
923 787 1102 828 salutem
1129 801 1213 827 non
1244 801 1367 827 secus
1397 801 1444 826 ac
1465 801 1604 827 meam

7 852 117 892 tueri
139 852 281 902 debeo,
304 854 379 894 sed
400 853 528 895 etiam
549 869 622 908 pro
644 869 710 895 me
731 854 835 908 ipso,
865 853 916 894 de
938 867 1020 907 quo
1040 856 1310 893 accusatores
1330 851 1450 905 plura
1470 865 1603 905 paene

9 931 134 972 quam
155 918 206 959 de
227 933 272 959 re
302 933 458 974 reoque
490 919 699 960 dixerunt.
762 918 823 958 II.
856 918 1130 972 Quamquam,
1150 916 1328 971 judices,
1353 915 1388 956 si
1417 915 1517 970 quid
1537 920 1603 956 est

8 984 51 1025 in
71 998 138 1024 me
160 984 251 1039 ipso
273 984 333 1026 ita
360 985 657 1040 reprehensum
684 988 732 1025 ut
763 984 805 1024 id
832 984 886 1024 ab
911 983 990 1023 1100
1016 983 1253 1037 sejunctum
1275 981 1344 1030 sit,
1368 996 1451 1022 non
1472 995 1538 1022 me
1560 980 1602 1021 id

6 1063 158 1104 magno
194 1064 318 1105 opere
354 1051 606 1098 conturbat3
641 1064 725 1090 non
760 1049 870 1090 enim
901 1048 1030 1090 timeo
1071 1063 1134 1098 ne,
1159 1047 1255 1102 quia
1290 1061 1460 1102 perraro
1491 1046 1604 1101 grati

5 1114 195 1155 homines
230 1115 505 1170 reperiantur,
539 1114 707 1165 idcirco,
751 1129 878 1169 quum
913 1128 979 1155 me
1011 1113 1185 1153 nimium
1219 1122 1388 1167 gratum
1423 1111 1480 1151 illi
1511 1125 1602 1152 esse

7 1179 160 1229 dicant,
183 1180 226 1220 id
247 1180 348 1220 mihi
369 1180 637 1221 criminosum
659 1195 750 1221 esse
772 1179 918 1235 possit.
981 1179 1097 1231 Quae
1118 1192 1215 1219 vero
1237 1178 1299 1219 ita
1319 1182 1418 1218 sunt
1439 1177 1603 1232 agitata

8 1245 60 1285 ab
95 1245 175 1285 illis
207 1250 256 1285 ut
290 1249 365 1286 aut
397 1245 548 1286 merita
580 1245 654 1287 Cn.
680 1244 843 1285 Plancii
875 1258 976 1298 erga
1005 1258 1072 1284 me
1103 1243 1265 1283 minora
1295 1257 1388 1283 esse
1414 1242 1602 1282 dicerent

8 1323 132 1365 quam
153 1324 177 1350 a
198 1324 265 1350 me
285 1309 377 1364 ipso
399 1309 754 1364 praedicarentur,
786 1313 872 1358 aut,
897 1308 931 1348 si
957 1312 1100 1349 essent
1130 1321 1306 1356 summa,
1328 1310 1533 1361 negarent
1554 1319 1603 1346 ea

5 1379 147 1415 tamen
183 1374 244 1415 ita
271 1374 412 1429 magni
437 1379 485 1415 ut
521 1388 597 1429 ego
625 1379 817 1429 putarem
845 1373 1042 1429 ponderis
1068 1373 1181 1427 apud
1213 1387 1287 1413 vos
1319 1386 1410 1412 esse
1436 1371 1599 1419 debere,

5 1440 110 1481 haec
131 1439 232 1480 mihi
254 1444 353 1480 sunt
374 1440 609 1488 tractanda,
628 1439 806 1493 judices,
825 1444 869 1480 et
889 1438 1063 1488 modice,
1084 1452 1134 1478 ne
1151 1437 1250 1492 quid
1266 1437 1355 1491 ipse
1377 1436 1597 1483 offendam,

5 1510 50 1546 et
70 1510 162 1546 tum
183 1504 371 1559 denique,
397 1518 524 1559 quum
538 1504 792 1558 respondero
810 1503 1063 1553 criminibus,
1082 1518 1135 1543 ne
1151 1517 1235 1543 non
1255 1507 1344 1544 tam
1365 1500 1603 1542 innocentia

5 1584 101 1611 reus
141 1584 216 1610 sua
256 1584 382 1625 quam
421 1569 713 1610 recordatione
760 1583 949 1610 meorum
995 1574 1233 1623 temporum
1274 1567 1469 1608 defensus
1510 1579 1602 1607 esse

3 1635 210 1678 videatur.

64 1701 147 1742 Sed
168 1701 268 1742 mihi
291 1701 333 1742 in
355 1715 503 1742 caussa
533 1699 643 1741 facili
675 1703 802 1754 atque
833 1698 1047 1754 explicata
1074 1697 1339 1753 perdifficilis,
1359 1696 1534 1752 judices,
1558 1700 1602 1737 et

3 1763 163 1805 lubrica
198 1763 449 1805 defensionis
482 1762 588 1804 ratio
622 1761 885 1817 proponitur.
948 1760 1056 1801 Nam
1097 1760 1131 1801 si
1165 1759 1460 1801 tantummodo
1499 1758 1600 1799 mihi

3 1844 174 1871 necesse
203 1835 316 1870 esset
348 1832 497 1869 contra
531 1827 807 1869 Laterensem
838 1827 989 1875 dicere,
1012 1830 1155 1867 tamen
1187 1824 1228 1864 id
1259 1825 1397 1879 ipsum
1427 1829 1537 1865 esset
1558 1823 1600 1864 in

3 1899 124 1936 tanto
145 1909 224 1935 usu
245 1899 389 1935 nostro
410 1899 616 1948 tantaque
636 1892 822 1933 amicitia
842 1891 1080 1933 molestum.
1142 1889 1283 1931 Vetus
1305 1894 1371 1931 est
1401 1889 1512 1930 enim
1532 1889 1600 1930 lex

2 1959 72 2000 illa
89 1959 231 2014 justae
265 1972 468 2013 veraeque
499 1957 720 2004 amicitiae,
743 1971 850 2012 quae
881 1956 982 1997 mihi
1014 1970 1110 1996 cum
1145 1954 1214 1995 illo
1243 1955 1333 2010 jam
1361 1954 1430 1995 diu
1452 1959 1528 2005 est,
1553 1960 1600 1996 ut

821 2097 876 2127 der
888 2096 1038 2131 remarks,
1055 2095 1129 2135 only
1147 2098 1218 2131 two,
1236 2094 1293 2124 but
1306 2093 1332 2123 if
1340 2093 1429 2123 there
1441 2092 1502 2122 had
1519 2092 1598 2122 been

3 2100 106 2132 better
132 2101 229 2132 MSS.
255 2101 415 2140 authority
441 2100 518 2130 than
541 2099 596 2130 the
630 2107 777 2130 common

821 2150 840 2170 a
855 2140 966 2177 (102011,
989 2140 1058 2169 that
1080 2139 1181 2169 would
1208 2141 1264 2167 not
1291 2136 1385 2166 mend
1401 2136 1456 2166 the
1472 2139 1597 2168 matter.

3 2144 132 2184 reading
148 2148 154 2161 ‘
169 2143 434 2175 consecuturum!
470 2143 579 2173 Cicero
595 2152 666 2182 says
678 2145 685 2158 ‘
700 2142 715 2172 Ι
727 2151 777 2171 am

5 2190 63 2217 not
77 2197 110 2217 so
127 2191 272 2227 arrogant
287 2198 321 2217 as
343 2190 377 2217 1ο
397 2186 489 2216 think
505 2186 576 2216 that
591 2185 632 2224 by
648 2185 697 2214 his
714 2194 778 2214 ser-

4 2229 87 2259 vices
116 2233 149 2259 to
178 2240 229 2261 me
261 2230 405 2261 Plancius
430 2230 486 2260 has
512 2232 567 2269 got
597 2228 778 2267 exemption

3 2271 85 2301 froin
101 2272 143 2302 all
157 2273 396 2312 prosecutions.’

49 2315 154 2344 onmia
178 2315 390 2356 praestitero]
439 2315 494 2345 ‘If
522 2315 537 2345 1
566 2314 645 2344 shall
682 2323 778 2353 prove

5 2366 98 2396 every
114 2356 204 2396 thing
219 2357 287 2387 that
310 2359 423 2389 honest
443 2368 516 2388 men
540 2368 597 2388 can
622 2355 776 2397 require!

4 2400 46 2430 all
61 2400 131 2429 that
146 2399 186 2430 he
201 2399 257 2430 has
269 2401 336 2439 just
351 2401 416 2431 said
431 2400 528 2431 about
545 2401 701 2431 Plancius.

48 2445 78 2473 2.
104 2444 150 2472 ila
171 2444 394 2481 reprehensum
419 2466 426 2473 .
451 2466 458 2474 .
485 2466 492 2474 .
515 2444 693 2483 sejunctum
714 2442 772 2482 sit]

5 2485 61 2516 ‘If
81 2485 170 2515 there
194 2485 220 2514 is
242 2495 303 2524 any
324 2489 438 2516 matter
463 2485 513 2516 for
537 2486 642 2516 blame
668 2486 700 2515 in
725 2495 776 2515 me

4 2529 84 2559 from
116 2527 217 2557 which
252 2527 393 2558 Plancius
417 2528 443 2558 is
469 2528 556 2558 free.¹
601 2529 662 2559 We
690 2531 775 2558 must

3 2571 129 2611 employ
150 2571 272 2600 various
295 2571 392 2600 forms
414 2574 446 2600 1ο
468 2571 617 2602 translate
633 2576 640 2589 ⁴
653 2572 697 2602 ita
714 2594 720 2601 .
739 2594 746 2601 .
765 2593 773 2601 .

3 2614 63 2644 ut.⁷
98 2614 148 2644 He
164 2613 304 2653 explains
321 2613 369 2642 his
381 2613 526 2652 meaning
541 2614 572 2643 in
589 2614 644 2644 the
659 2614 775 2644 second

3 2660 74 2697 part
85 2657 121 2687 of
133 2657 188 2687 the
204 2659 416 2686 sentence.-—⁴
431 2665 470 2685 ne
493 2656 567 2695 quid
587 2656 654 2696 ipse
673 2657 773 2687 offen-

3 2700 74 2730 dam
91 2699 110 2730 :’
135 2700 224 2730 ‘that
247 2699 261 2729 1
289 2709 359 2738 may
384 2702 439 2727 not
459 2697 498 2728 do
521 2708 581 2738 any
602 2698 692 2738 thing
717 2699 772 2729 de-

2 2743 127 2783 serving
163 2743 198 2773 of
229 2742 334 2772 blame
366 2740 406 2780 by
443 2740 594 2780 speaking
631 2745 772 2771 extrava-

2 2786 111 2826 gantly
133 2786 170 2816 of
184 2784 338 2816 Plancius’
357 2783 489 2814 services
505 2787 537 2813 to
555 2782 623 2814 me'
642 2782 772 2823 (Manu-

2 2829 65 2859 tius
85 2852 91 2859 .

45 2828 248 2912 ciimatibus]
297 2873 304 2887 ⁴
317 2869 464 2900 omnibus
476 2868 483 2882 ‘
502 2868 561 2904 E.;
586 2867 644 2898 but
665 2868 691 2898 it
712 2868 738 2898 is
753 2878 772 2899 a

0 2914 77 2945 salse
91 2914 230 2954 reading,
247 2914 295 2944 for
317 2914 343 2943 it
365 2923 422 2943 can
446 2912 518 2951 only
541 2921 631 2941 mean
653 2911 694 2941 all
717 2910 772 2942 the

0 2960 208 2997 prosecutors.
245 2957 348 2987 There
364 2965 444 2986 were
459 2955 611 2991 however,
625 2963 658 2984 as
668 2953 771 2984 Wun-

822 2183 870 2213 for
887 2183 995 2214 Cicero
1011 2192 1092 2222 says,
1116 2182 1178 2211 and
1202 2184 1286 2211 must
1303 2189 1367 2218 say,
1385 2179 1454 2208 that
1474 2179 1515 2208 he
1537 2178 1597 2207 will

823 2237 943 2256 answer
969 2226 1024 2257 the
1056 2225 1185 2264 charges
1222 2222 1381 2264 (crimina)
1412 2222 1499 2258 firstg
1535 2221 1598 2251 and

821 2270 868 2299 for
885 2269 938 2299 the
954 2278 1065 2299 reason
1081 2268 1182 2298 which
1198 2267 1238 2297 he
1254 2267 1350 2306 gives.

865 2313 1028 2352 eoeplicala
1052 2335 1059 2342 .
1086 2334 1093 2341 .
1119 2334 1126 2341 .
1152 2333 1159 2340 .
1185 2309 1325 2349 lubrica]
1388 2307 1490 2338 These
1536 2310 1597 2337 two

823 2356 924 2386 words
944 2365 996 2385 are
1018 2354 1168 2394 opposed.
1214 2353 1304 2392 They
1327 2361 1379 2381 are
1401 2351 1479 2380 both
1497 2356 1595 2380 meta-

820 2398 992 2439 phorically
1006 2398 1093 2434 used,
1110 2396 1172 2427 aud
1189 2396 1243 2426 1110
1260 2394 1424 2434 metaphor
1440 2394 1465 2423 is
1483 2393 1561 2423 from
1578 2403 1596 2423 a

820 2441 906 2476 road,
932 2441 1033 2471 which
1058 2441 1090 2470 in
1116 2441 1170 2470 the
1195 2449 1255 2469 0110
1278 2448 1347 2468 case
1374 2437 1400 2467 is
1423 2437 1508 2476 plain
1533 2436 1594 2466 111111

820 2484 945 2515 smooth
974 2482 1170 2524 (explicata),
1201 2483 1232 2512 in
1264 2482 1318 2511 the
1348 2480 1439 2510 other
1473 2489 1594 2510 uneren

819 2528 881 2558 and
906 2538 924 2557 a
948 2537 1040 2557 cause
1070 2526 1105 2556 of
1129 2525 1303 2564 stumbling
1335 2522 1594 2563 (lubrica).—‘in

819 2574 908 2601 tanto
923 2580 983 2600 usu
997 2569 1016 2600 ε’
1040 2580 1057 2599 a
1080 2569 1173 2599 Latin
1198 2568 1292 2598 11110111
1318 2566 1418 2596 which
1439 2566 1524 2595 often
1541 2575 1593 2594 oc-

819 2624 901 2644 curs.
948 2613 980 2643 It
1003 2623 1112 2642 111οη115
1129 2616 1201 2652 ‘yet
1224 2611 1288 2641 still
1313 2610 1376 2639 this
1403 2618 1475 2648 very
1503 2608 1593 2646 thing

819 2656 922 2686 would
939 2655 978 2686 be
994 2656 1113 2695 painful
1130 2654 1328 2691 consider-ing
1343 2663 1401 2682 our
1417 2655 1503 2689 great
1519 2651 1591 2680 inti-

818 2698 929 2739 macy!
975 2699 1053 2729 This
1069 2708 1123 2729 use
1143 2698 1178 2728 of
1192 2701 1199 2714 ⁴
1212 2697 1264 2727 in'
1282 2696 1357 2726 with
1381 2695 1436 2725 tho
1457 2693 1591 2724 ablativo

816 2743 842 2772 is
858 2752 1015 2772 common.

858 2786 956 2815 Iv'etus
967 2807 974 2815 .
989 2807 996 2814 .
1009 2808 1015 2815 .
1028 2785 1081 2814 Iex
1097 2783 1170 2823 illa]
1191 2786 1198 2800 ⁴
1212 2783 1243 2813 It
1255 2782 1309 2812 isa
1320 2781 1388 2811 rule
1400 2780 1475 2815 long
1487 2777 1589 2807 estah-

816 2827 927 2862 lished.
952 2828 1021 2857 that
1045 2827 1112 2857 rulo.
1135 2827 1232 2856 about
1248 2824 1365 2864 perfect
1382 2820 1510 2861 (justae)
1527 2818 1587 2865 and

815 2872 885 2900 true
907 2869 1106 2909 11101111511111.1
1152 2868 1293 2898 ‘Vetus'
1311 2868 1336 2896 is
1360 2864 1447 2894 usual
1471 2863 1501 2891 in
1526 2861 1587 2890 ilus

815 2921 930 2949 50115ος
964 2922 1004 2943 an
1031 2913 1083 2943 old
1117 2909 1307 2942 established
1339 2908 1438 2945 thing.
1466 2914 1505 2933 an
1536 2902 1585 2931 old

816 2964 934 2995 saying.

753 3000 836 3039 (12
