1816 3211
156 152 240 193 486
306 149 484 192 ORAT.
518 148 1027 192 PHILIPPIGARUM
1060 146 1247 190 LIBER
1281 146 1620 190 SECUNDUS,

153 264 282 306 luisti.
344 265 476 318 Quam
499 265 539 306 id
562 270 617 315 te,
641 266 695 307 dii
720 265 814 306 boni
834 269 841 306 !
877 279 959 305 non
982 264 1160 304 decebat
1181 266 1187 303 !
1253 261 1303 302 In
1325 276 1407 317 quo
1429 267 1495 304 est
1521 266 1594 303 tua
1621 261 1742 316 culpa.

153 329 363 379 nonnulla,
384 330 539 385 aliquid
563 332 670 370 enim
694 331 791 370 salis
812 345 836 369 a
858 329 982 369 mima
1003 342 1132 368 uxore
1155 327 1319 367 trahere
1336 327 1524 381 potuisti.
1557 340 1739 367 CEDANT

155 409 287 434 ARMA
313 408 476 435 ’1’()(;Αι·;.
539 396 660 446 Quid,
684 401 774 436 tuni
803 407 938 433 nonne
960 393 1199 432 cesserunt?
1261 392 1323 431 At
1345 397 1490 445 postea
1512 392 1595 432 tuis
1615 391 1740 431 armis

154 459 280 499 cessit
302 465 414 511 toga.
480 459 735 509 Quaeramus
756 457 884 511 igitur
905 461 1045 496 utrum
1067 456 1212 496 melius
1244 455 1370 496 fuerit
1396 455 1579 496 libertati
1600 454 1741 510 populi

157 523 335 562 Romani
358 523 656 563 sceleratorum
673 536 787 562 arma
805 536 856 560 an
873 521 1112 561 libertatem
1135 526 1321 561 nostram
1343 520 1469 560 armis
1483 520 1567 560 tuis
1583 520 1743 560 cedere.

155 587 192 625 N
198 601 244 626 ec
268 602 362 626 vero
385 587 462 627 tibi
484 588 535 627 de
557 588 742 627 versibus
763 587 880 640 plura
901 585 1186 639 respondebo:
1219 589 1386 625 tantum
1409 584 1541 624 dicam
1563 584 1743 624 breviter

152 655 196 691 te
231 665 364 704 neque
396 651 487 691 illos
527 667 660 707 neque
693 651 796 691 ullas
829 656 872 691 te
905 650 1072 690 omnino
1104 649 1268 690 litteras
1303 663 1440 698 nosse,
1469 663 1534 689 me
1574 663 1650 689 nec
1683 648 1743 688 rei

152 715 339 769 publicae
361 730 436 756 nec
458 716 605 757 amicis
626 730 821 771 umquam
843 715 1034 763 defuisse,
1058 719 1101 755 et
1122 718 1261 754 tamen
1283 714 1394 754 omni
1416 727 1567 768 genere
1597 727 1742 764 monu-

154 784 391 819 mentorum
425 795 610 821 meorum
646 780 870 835 perfecisse
895 779 1052 834 [operis
1084 778 1330 831 subsecivis]
1365 782 1413 818 ut
1439 792 1555 818 meae
1581 777 1745 832 vigiliae

154 857 354 897 meaeque
386 844 551 885 litterae
582 851 626 886 et
652 844 866 899 juventuti
901 843 1098 884 utilitatis
1126 848 1170 884 et
1200 843 1357 883 nomini
1388 842 1578 882 Romano
1609 841 1744 882 laudis

155 907 310 961 aliquid
331 908 542 950 afferrent.
603 910 686 950 Sed
708 910 809 949 haec
830 923 913 949 non
934 908 1058 961 hujus
1079 908 1300 962 temporis:
1335 907 1495 961 majora
1515 906 1742 947 videamus.

214 971 300 1012 IX.
335 972 385 1013 P.
410 973 600 1014 Clodium
620 989 713 1014 meo
736 973 906 1014 consilio
929 972 1194 1013 interfectum
1215 986 1305 1012 esse
1327 971 1483 1012 dixisti.
1536 969 1744 1021 Quidnam

161 1036 349 1077 homines
370 1045 580 1091 putarent,
603 1039 638 1078 si
658 1043 749 1078 tum
771 1037 933 1078 occisus
954 1042 1078 1086 esset,
1102 1051 1229 1091 quum
1249 1041 1297 1078 tu
1319 1036 1432 1076 illum
1454 1035 1495 1075 in
1516 1035 1605 1075 foro
1627 1049 1744 1089 spec-

158 1106 279 1142 tante
309 1103 462 1156 populo
500 1103 690 1143 Romano
719 1101 859 1156 gladio
889 1100 1079 1155 [stricto]
1114 1101 1327 1141 insecutus
1355 1115 1411 1149 es,
1446 1100 1744 1154 negotiumque

154 1166 446 1219 transegisses,
480 1166 558 1206 nisi
593 1181 638 1207 se
674 1167 740 1206 ille
775 1166 816 1205 in
850 1165 982 1204 scalas
1015 1165 1214 1205 tabernae
1248 1164 1441 1204 librariae
1481 1163 1742 1217 conjecisset,

155 1229 288 1284 iisque
319 1230 515 1284 oppilatis
545 1231 748 1285 impetum
780 1234 900 1270 tuum
932 1228 1275 1283 compressisset?
1336 1229 1457 1280 Quod
1479 1228 1644 1283 quidem
1666 1242 1745 1282 ego

154 1294 305 1334 favisse
326 1309 391 1334 me
421 1294 498 1334 tibi
533 1295 679 1343 fateor,
711 1294 892 1334 suasisse
925 1308 976 1333 ne
1004 1298 1051 1334 tu
1073 1293 1238 1348 quidem
1260 1293 1375 1334 dicis.
1438 1294 1501 1334 At
1525 1292 1672 1333 Miloni
1693 1307 1745 1332 ne

153 1358 292 1398 favere
314 1359 480 1412 quidem
501 1359 631 1413 potui,
654 1359 769 1413 prius
800 1359 909 1399 enim
929 1373 1018 1399 rem
1038 1358 1245 1413 transegit
1266 1373 1391 1412 quam
1412 1358 1630 1412 quisquam
1650 1372 1746 1398 eum

155 1423 362 1463 facturum
385 1423 426 1462 id
449 1437 540 1463 esse
572 1423 870 1477 suspicaretur.
933 1423 997 1464 At
1024 1437 1102 1477 ego
1137 1422 1261 1464 suasi.
1326 1422 1495 1463 Scilicet
1526 1422 1560 1462 is
1584 1421 1744 1462 animus

157 1492 249 1528 erat
273 1487 456 1537 Milonis,
481 1493 527 1529 ut
549 1488 748 1542 prodesse
769 1488 827 1528 rei
848 1487 1039 1542 publicae
1060 1487 1147 1527 sine
1169 1501 1338 1528 suasore
1358 1501 1441 1527 non
1462 1493 1620 1542 posset.
1680 1487 1744 1526 At

154 1552 337 1593 laetatus
369 1567 472 1594 sum.
535 1553 645 1605 Quid
677 1553 804 1607 ergo?
835 1552 877 1592 in
910 1557 1029 1593 tanta
1058 1551 1222 1592 laetitia
1251 1557 1426 1593 cunctae
1460 1551 1643 1592 civitat-is
1677 1565 1743 1591 me

155 1631 282 1657 unum
303 1616 469 1658 tristem
491 1631 582 1658 esse
612 1617 864 1671 oportebat?
925 1617 1186 1670 Quamquam
1208 1617 1259 1656 de
1279 1620 1414 1656 morte
1437 1615 1488 1655 P.
1513 1615 1644 1656 Clodii
1666 1615 1745 1656 fuit

157 1681 490 1736 quaestio—non
524 1681 629 1722 satis
661 1681 888 1735 prudenter
920 1681 988 1721 illa
1015 1681 1182 1735 quidem
1217 1680 1472 1726 constituta3
1505 1680 1603 1734 quid
1635 1680 1743 1720 enim

155 1746 367 1788 attinebat
401 1760 507 1786 nova
541 1745 632 1799 lege
665 1745 808 1799 quaeri
841 1745 892 1786 de
927 1759 976 1785 eo
1012 1745 1082 1800 qui
1117 1744 1326 1784 hominem
1359 1744 1592 1795 occidisset,
1618 1759 1745 1799 quum

202 1888 360 1928 CEDANT]
410 1889 484 1918 Part
502 1889 538 1918 of
551 1899 570 1918 a
588 1898 676 1918 verse
694 1888 775 1918 from
793 1888 931 1919 Cicero's
970 1888 1073 1919 leaves
1106 1888 1278 1928 fragments
1301 1889 1338 1919 of
1364 1888 1567 1919 Centuriae.'’
1613 1889 1697 1918 Such
1727 1899 1746 1918 a

157 1932 226 1971 epic
241 1942 333 1971 poem
361 1935 368 1948 ¹
380 1932 429 1961 De
444 1931 638 1970 temporibus
665 1932 729 1961 suis
743 1931 750 1944 ’
776 1931 840 1970 (Ad
857 1932 929 1962 Div.
973 1934 1115 1970 segment
1135 1933 1161 1961 is
1186 1932 1284 1961 called
1310 1935 1317 1949 ‘
1330 1932 1527 1961 subsecivum
1540 1931 1547 1944 ’
1573 1941 1607 1960 or
1624 1934 1632 1947 ‘
1644 1931 1746 1970 supci-

158 1975 179 2004 i.
191 1977 221 2010 9,
232 1975 300 2014 23).
347 1974 421 2004 Part
433 1974 468 2003 of
480 1974 534 2003 the
545 1983 633 2003 verse
645 1974 670 2003 is
686 1974 751 2003 also
766 1975 881 2013 quoted
899 1975 930 2004 in
975 1973 1100 2009 sivum,'
1137 1984 1171 2004 so
1202 1975 1316 2004 named
1353 1975 1433 2004 after
1463 1974 1517 2004 the
1554 1974 1680 2013 parings
1710 1983 1746 2003 or

158 2018 212 2047 the
233 2017 356 2046 oration
371 2017 493 2056 against
511 2016 580 2046 Piso
598 2016 637 2055 (c.
655 2018 776 2055 30).—⁴
790 2021 900 2056 postea
911 2016 930 2046 :'
973 2017 1146 2056 snippings,
1168 2020 1187 2034 ‘¹
1201 2027 1280 2056 quae
1307 2021 1409 2046 sector
1423 2017 1462 2046 de
1481 2017 1612 2046 materia
1627 2016 1746 2055 praeci-

158 2060 191 2089 in
206 2060 261 2089 the
282 2060 353 2089 civil
368 2069 440 2095 war,
457 2059 558 2088 which
581 2059 738 2088 Antonius
764 2059 878 2098 helped
898 2063 932 2089 to

161 2103 217 2132 stir
233 2112 286 2141 up.

204 2143 495 2182 monumentorum]
559 2143 619 2172 His
655 2144 804 2182 writings.
864 2144 933 2174 The

161 2187 264 2217 words
291 2191 298 2204 ‘
314 2186 416 2225 operis
443 2185 634 2215 subsecivis’
661 2196 713 2215 are
732 2186 865 2216 omitted
891 2187 933 2226 by

163 2230 271 2264 Halm,
288 2229 350 2259 and
366 2230 398 2258 in
413 2229 454 2257 V.
499 2228 567 2257 The
590 2229 769 2267 expression
790 2229 933 2258 however

159 2273 186 2302 is
203 2271 351 2307 Cicero’s,
376 2271 447 2300 who
473 2280 544 2300 uses
566 2271 591 2300 it
613 2271 645 2299 in
661 2271 714 2300 the
732 2272 780 2301 De
796 2271 933 2309 Legibus

160 2315 223 2345 and
238 2315 271 2344 in
287 2314 342 2344 the
357 2314 407 2343 De
423 2313 558 2343 Oratore
579 2312 624 2351 (ii.
642 2324 668 2342 c.
686 2315 738 2349 89,
760 2314 876 2353 quoted
891 2313 933 2353 by

160 2356 330 2397 Abrami):
367 2359 386 2373 “
404 2365 484 2395 quae
513 2365 570 2394 ego
601 2365 679 2393 sero,
710 2366 789 2395 quae
818 2356 933 2386 cursim

161 2400 288 2438 arripui,
317 2408 397 2438 quae
421 2397 588 2427 subsecivis
612 2398 724 2437 operis,
748 2402 784 2427 ut
808 2399 932 2435 aiunt,”

161 2442 241 2472 from
259 2441 359 2470 which
374 2441 399 2470 it
413 2450 513 2470 seems
536 2440 606 2469 that
621 2441 645 2470 it
661 2451 722 2470 was
745 2451 764 2470 a
787 2451 934 2471 common

161 2484 243 2514 form
273 2484 309 2513 of
340 2483 530 2521 expression,
558 2483 619 2512 and
655 2483 680 2512 it
714 2493 821 2513 means
857 2484 934 2514 such

162 2527 249 2556 work
264 2536 298 2556 as
313 2536 332 2555 a
347 2535 419 2554 man
444 2535 501 2554 can
525 2525 563 2554 do
580 2535 614 2554 or
634 2526 708 2555 does
731 2530 763 2555 at
784 2526 864 2555 little
884 2527 932 2555 in-

161 2569 276 2599 tervals
305 2567 341 2598 of
368 2568 491 2604 leisure,
519 2568 594 2597 such
625 2568 686 2597 odd
713 2573 870 2598 moments
900 2579 933 2598 as

162 2622 203 2641 an
229 2611 328 2641 active
354 2620 427 2639 man
454 2610 593 2648 disposes
620 2610 655 2639 of
675 2611 841 2650 profitably
871 2611 933 2640 and

162 2654 274 2693 people
289 2653 324 2682 of
343 2652 475 2682 another
498 2652 574 2681 kind
598 2653 697 2682 throw
724 2664 819 2692 away.
864 2654 933 2683 The

162 2701 243 2726 term
259 2706 321 2725 was
341 2695 418 2724 used
434 2695 466 2723 in
483 2694 536 2723 the
561 2695 682 2724 Roman
706 2695 932 2725 land-measur-

163 2740 217 2778 ing
240 2742 367 2778 system,
384 2747 417 2767 as
440 2737 597 2766 Ferrarius
620 2738 764 2776 properly
789 2739 931 2777 explains

163 2783 189 2812 it
220 2785 277 2811 ‘ex
311 2780 423 2819 Angeli
462 2779 576 2809 Colotii
605 2779 781 2809 thesauris!
833 2781 930 2810 Fron-

163 2825 250 2854 tinus
279 2822 323 2863 (p.
355 2824 385 2859 7,
416 2822 465 2852 ed.
497 2821 696 2861 Lachmann)
712 2823 851 2861 explains
877 2823 931 2853 the

163 2867 248 2897 word
276 2870 296 2884 ‘⁸
307 2866 375 2896 The
391 2864 570 2903 Assignatio
583 2874 617 2893 or
634 2864 793 2894 Limitatio
809 2866 931 2905 usually

974 2060 1051 2089 dens
1078 2060 1166 2098 quasi
1194 2069 1386 2098 supervacua
1408 2059 1523 2098 abjecit
1536 2058 1557 2072 '¹
1584 2059 1744 2097 (Rudorfl',

975 2102 1193 2132 Gromatische
1210 2102 1446 2137 Institutionen,
1463 2112 1493 2141 p.
1511 2100 1600 2141 390).

1018 2146 1047 2175 9.
1078 2145 1170 2180 Quod
1181 2145 1322 2183 quidem]
1372 2145 1510 2174 Faernus
1526 2143 1665 2182 explains
1681 2143 1745 2172 this

974 2187 1077 2225 right:
1097 2190 1115 2203 “
1129 2187 1211 2226 quod
1228 2187 1354 2226 quidem
1370 2196 1427 2225 ego
1444 2187 1544 2216 fateor
1563 2186 1674 2215 favisse
1695 2195 1746 2214 me

974 2228 1066 2259 tibi.’'
1103 2230 1162 2259 See
1177 2230 1249 2259 Vol.
1266 2230 1286 2259 i.
1306 2229 1416 2263 Index,
1434 2232 1441 2246 ⁴
1455 2227 1572 2261 Quod)

1018 2281 1097 2302 nova
1128 2272 1210 2311 leqe]
1257 2271 1326 2301 The
1351 2271 1417 2301 Lex
1442 2270 1592 2309 Pompeia
1616 2269 1652 2300 of
1678 2278 1745 2299 13.c.

976 2317 1029 2344 52.
1074 2314 1132 2344 See
1163 2314 1216 2344 the
1242 2314 1462 2344 Introduction
1486 2318 1520 2343 to
1545 2313 1600 2342 the
1623 2312 1746 2342 oration

976 2357 1036 2386 Pro
1059 2357 1244 2387 Milone—¹
1258 2357 1341 2396 quod
1364 2357 1459 2395 igitur
1481 2365 1574 2385 nemo
1588 2354 1608 2384 ε’
1631 2354 1689 2384 but
1706 2354 1746 2383 he

976 2409 1046 2438 says
1071 2400 1130 2429 Pro
1147 2399 1278 2434 Milone,
1297 2409 1324 2429 c.
1344 2400 1392 2435 18,
1409 2399 1479 2429 that
1499 2399 1524 2428 it
1542 2407 1604 2427 was
1625 2397 1690 2427 said
1712 2399 1746 2425 at

975 2441 1029 2471 the
1045 2442 1140 2471 time:
1167 2444 1187 2459 ‘⁶
1199 2442 1295 2477 scitis,
1309 2441 1440 2480 judices,
1456 2441 1553 2470 fuisse
1569 2440 1623 2479 qui
1637 2440 1671 2468 in
1686 2439 1745 2468 hac

975 2484 1138 2522 rogatione
1154 2484 1312 2513 suadenda
1332 2483 1481 2517 dicerent,
1499 2482 1629 2512 Milonis
1648 2491 1745 2511 manu

976 2527 1101 2556 caedem
1126 2536 1194 2556 esse
1223 2526 1348 2562 factam,
1376 2526 1504 2555 consilio
1525 2534 1598 2554 vero
1619 2523 1744 2562 majoris

975 2569 1118 2607 alicujus.
1158 2569 1213 2598 Me
1226 2569 1368 2598 videlicet
1383 2569 1537 2597 latronem
1552 2577 1589 2596 ae
1600 2566 1744 2596 sicarium

975 2611 1088 2649 abjecti
1119 2611 1260 2640 homines
1290 2614 1321 2640 et
1347 2611 1461 2650 perditi
1490 2606 1744 2639 describebant.”

975 2654 1106 2683 Abx-ami
1136 2663 1288 2692 supposes
1317 2654 1386 2682 that
1415 2653 1456 2682 he
1490 2653 1516 2681 is
1545 2661 1614 2681 now
1644 2649 1744 2679 either

975 2696 1063 2734 lyiug
1078 2697 1252 2735 ‘temporis
1275 2695 1406 2729 caussa,’
1424 2705 1460 2724 or
1482 2695 1522 2724 he
1545 2701 1651 2722 means
1674 2692 1744 2720 that

974 2738 1014 2767 he
1030 2748 1091 2768 was
1108 2742 1164 2767 not
1179 2738 1360 2768 mentioned
1383 2738 1423 2777 by
1438 2746 1529 2767 name
1551 2738 1584 2764 at
1599 2734 1653 2764 the
1668 2734 1745 2763 time

973 2781 1008 2810 of
1020 2780 1160 2811 Clodius’
1172 2781 1278 2811 death.
1324 2781 1340 2810 I
1356 2780 1428 2810 take
1442 2780 1498 2809 the
1512 2779 1581 2807 first
1595 2776 1745 2816 explana-

973 2824 1052 2853 tion.
