1816 3211
72 181 154 224 672
301 179 479 221 ORAT.
516 178 1031 220 PHILIPPICARUM
1066 178 1251 219 LIBER
1284 179 1422 221 XIII.

72 294 108 335 si
142 293 299 349 aliquid
331 293 382 334 de
414 307 577 334 summa
608 291 819 348 gravitate
866 291 1103 347 Pompeius,
1139 291 1316 333 multum
1351 292 1403 333 de
1439 292 1671 348 cupiditate

74 359 229 401 Caesar
270 358 514 405 remisisset,
552 363 595 398 et
629 372 778 412 pacem
819 357 1014 398 stabilem
1050 362 1093 398 et
1124 357 1306 411 aliquam
1340 371 1428 398 rem
1462 358 1672 412 publicam

74 424 196 464 nobis
217 424 371 464 habere
402 422 603 463 licuisset.
666 421 728 462 II.
761 421 859 461 Hoc
881 436 978 463 vero
1009 421 1107 476 quid
1128 423 1221 462 est?
1252 435 1347 462 curn
1369 421 1568 462 Antoniis
1588 437 1672 476 pax

75 492 218 543 potest
249 488 369 528 esse?
400 501 494 526 cum
517 485 760 534 Censorino,
792 484 1008 535 Ventidio,
1043 486 1264 535 Trebellio,
1302 485 1459 536 Bestia,
1500 485 1674 536 Nucula,

79 553 286 601 Munatio,
311 553 513 600 Lentone,
535 550 673 590 Saxa?
718 549 914 604 Exempli
936 565 1083 591 caussa
1103 565 1258 605 paucos
1279 550 1510 591 nominavi:
1544 564 1676 605 genus

75 617 283 657 infinitum
323 615 711 669 immanitatemque
742 614 823 669 ipsi
865 614 1037 655 cernitis
1077 615 1342 670 reliquorum.
1405 615 1566 657 Addite
1605 614 1675 656 illa

74 680 290 735 naufragia
326 679 521 720 Caesaris
555 679 796 725 amicorum,
835 678 996 719 Barbas
1030 678 1209 729 Cassios,
1248 679 1486 729 Barbatios,
1521 679 1674 720 Pollio-

75 759 173 786 nes:
217 744 361 786 addite
397 744 573 784 Antonii
605 744 831 785 collusores
870 747 915 784 et
953 743 1128 793 sodales,
1165 744 1453 798 Eutrapelum,
1500 743 1671 794 Melam,

77 809 275 859 Caelium,
305 808 571 856 Crassicium‚
606 808 813 858 Tironem,
852 808 1094 857 Mustelam,
1126 808 1379 849 Petissium:
1424 808 1673 849 comitatum

75 875 274 929 relinquo,
299 874 425 914 duces
446 873 627 913 nomino.
676 872 775 913 Huc
795 872 1004 913 accedunt
1027 872 1219 913 Alaudae
1240 872 1452 927 ceterique
1472 872 1674 921 veterani,

77 938 343 980 seminarium
371 937 563 992 judicum
602 937 755 978 tertiae
791 936 996 987 decuriae,
1033 937 1115 990 qui,
1157 937 1243 977 suis
1283 937 1408 977 rebus
1443 937 1672 987 exhaustis,

76 1003 290 1045 beneficiis
326 1001 518 1043 Caesaris
551 1001 774 1051 devoratis,
812 1002 1004 1042 fortunas
1035 1005 1203 1042 nostras
1236 1001 1575 1056 concupiverunt.
1638 1001 1674 1042 O

77 1068 203 1108 fidam
220 1068 437 1108 dexteram
455 1066 644 1115 Antonii,
661 1080 742 1120 qua
763 1066 829 1106 ille
851 1065 1050 1119 plurimos
1073 1065 1183 1106 cives
1204 1066 1432 1106 trucidavit
1452 1068 1460 1106 !
1497 1080 1521 1105 o
1538 1070 1676 1106 ratum

77 1132 397 1186 religiosumque
418 1132 567 1171 foedus
590 1131 701 1185 quod
722 1145 815 1170 cum
840 1129 1039 1170 Antoniis
1071 1129 1316 1171 fecerimus!
1382 1130 1479 1170 Hoc
1500 1130 1535 1170 si
1560 1130 1675 1170 Mar-

78 1212 150 1238 cus
172 1197 325 1237 violare
348 1196 580 1245 conabitur,
608 1195 725 1235 Lucii
747 1210 841 1235 eum
862 1194 1066 1235 sanctitas
1087 1209 1111 1234 a
1133 1194 1286 1234 scelere
1308 1193 1537 1234 revocabit.
1586 1193 1675 1235 Illis

77 1263 193 1303 locus
224 1262 258 1302 si
294 1262 336 1301 in
370 1261 448 1301 hac
478 1262 581 1302 urbe
616 1261 755 1309 fuerit,
788 1260 881 1300 urbi
919 1259 996 1314 ipsi
1032 1260 1148 1299 locus
1177 1273 1262 1299 non
1290 1259 1382 1300 erit.
1444 1259 1530 1299 Ora
1556 1259 1674 1300 vobis

78 1342 221 1368 eorum
253 1326 407 1381 ponite,
436 1331 580 1380 patres
611 1325 847 1379 conscripti,
876 1331 976 1365 ante
1007 1324 1160 1372 oculos,
1193 1327 1236 1364 et
1265 1323 1444 1364 maxime
1468 1324 1676 1364 Antonio-

78 1407 181 1444 rum,
210 1392 429 1440 incessum,
461 1395 691 1445 aspectum,
720 1390 892 1439 vultum,
923 1389 1143 1444 spiritum3
1177 1389 1311 1430 latera
1336 1393 1531 1443 tegentes
1558 1388 1671 1439 alios,

78 1458 182 1498 alios
203 1456 541 1512 praegredientes
574 1456 743 1496 amicos.
808 1455 941 1506 Quem
961 1454 1045 1496 vini
1068 1454 1309 1503 anhelitum,
1334 1468 1438 1509 quas
1459 1459 1673 1495 contume-

78 1523 155 1563 lias
193 1523 281 1563 fore
323 1521 504 1562 censetis
538 1521 753 1575 minasque
785 1521 1030 1561 verborum!
1096 1519 1187 1560 Nisi
1219 1520 1329 1560 forte
1365 1534 1436 1560 eos
1467 1534 1551 1574 pax
1585 1519 1675 1573 ipsa

79 1587 218 1636 leniet,
260 1586 532 1640 maximeque,
575 1600 703 1640 quum
738 1585 780 1625 in
816 1585 925 1624 hunc
971 1584 1157 1625 ordinem
1187 1584 1388 1634 venerint,
1433 1584 1676 1625 salutabunt

79 1652 271 1707 benigne,
305 1650 482 1691 comiter
511 1649 780 1704 appellabunt
810 1664 937 1689 unum
968 1663 1170 1703 quemque
1191 1653 1394 1689 nostrum.
1458 1647 1544 1689 ΙΙΙ.
1578 1647 1675 1688 Non

81 1715 368 1765 recordamini,
391 1730 464 1770 per
486 1715 586 1755 deos
614 1713 885 1762 immortales,
908 1727 1012 1767 quas
1033 1712 1075 1752 in
1097 1727 1167 1752 eos
1195 1712 1427 1753 sententias
1457 1711 1674 1752 dixeritis?

83 1782 198 1822 Acta
234 1780 296 1820 M.
327 1779 507 1819 Antonii
544 1777 788 1825 rescidistis,
830 1777 943 1830 leges
975 1776 1185 1824 refixistis,
1222 1790 1297 1830 per
1330 1776 1413 1815 vim
1445 1781 1489 1816 et
1528 1780 1675 1816 contra

82 1844 266 1899 auspicia
286 1843 394 1884 latas
416 1841 670 1889 decrevistis,
687 1840 816 1880 totius
840 1840 988 1880 Italiae
1010 1839 1197 1880 delectus
1218 1839 1449 1889 excitastis,
1474 1839 1675 1894 collegam

83 1914 126 1949 et
156 1908 359 1948 scelerum
390 1905 550 1946 socium
583 1905 767 1945 omnium
797 1904 961 1944 hostem
986 1903 1264 1958 judicavistis.
1327 1902 1432 1943 Cum
1464 1904 1542 1943 hoc
1570 1919 1675 1958 quae

83 1988 166 2028 pax
187 1976 329 2026 potest
361 1971 479 2011 esse?
541 1969 694 2009 Hostis
726 1968 761 2009 si
795 1973 907 2009 esset
940 1973 1150 2017 externus,
1184 1968 1364 2021 [tamen]
1389 1968 1430 2007 id
1451 1967 1588 2022 ipsum
1609 1968 1678 2008 vix

84 2037 236 2078 talibus
271 2035 393 2075 factis
424 2035 496 2074 sed
527 2039 670 2087 posset
700 2033 838 2087 aliquo
868 2033 1005 2072 modo.
1069 2032 1219 2082 Maria,
1252 2036 1428 2081 montes,
1459 2032 1677 2087 regionum

84 2100 393 2155 magnitudines
429 2099 706 2139 interessent:
742 2097 900 2138 odisses
930 2111 1024 2137 eum
1055 2111 1180 2151 quem
1210 2111 1293 2137 non
1315 2096 1488 2137 videres.
1552 2096 1612 2137 Hi
1633 2097 1676 2138 in

84 2166 212 2207 oculis
238 2166 482 2213 haerebunt,
513 2169 556 2204 et
583 2177 710 2218 quum
741 2162 884 2203 licebit
914 2161 956 2202 in
980 2161 1196 2208 saucibus;
1231 2161 1381 2216 quibus
1406 2161 1515 2201 enim
1545 2162 1677 2216 septis

85 2235 173 2271 tam
194 2230 394 2270 immanes
413 2229 571 2269 belluas
592 2227 899 2269 continebimus
915 2227 1052 2268 3—At
1072 2226 1259 2267 incertus
1280 2225 1418 2266 exitus
1438 2225 1676 2267 belli—Est

87 2295 253 2336 omnino
273 2293 443 2334 fortium
464 2293 654 2341 virorum,
679 2293 821 2347 quales
841 2306 913 2332 vos
935 2305 1026 2332 esse
1047 2290 1222 2339 debetis,
1244 2290 1442 2331 virtutem
1462 2295 1677 2344 praestare

87 2363 312 2400 —tantum
342 2358 450 2399 enim
481 2357 908 2412 possunt—fortunae
939 2356 1103 2410 culpam
1132 2370 1215 2395 non
1244 2354 1530 2395 extimescere.
1594 2355 1678 2396 Sed

89 2423 284 2479 quoniam
304 2423 356 2462 ab
377 2423 455 2463 hoc
477 2423 619 2463 ordine
646 2436 728 2462 non
758 2421 963 2463 fortitudo
992 2420 1138 2470 solum,
1161 2434 1303 2461 verum
1323 2419 1451 2460 etiam
1471 2419 1677 2474 sapientia

131 2557 292 2596 yravilate
307 2556 495 2596 Pompeius]
545 2556 603 2586 See
619 2557 699 2586 Phil.
715 2557 748 2587 ii.
765 2567 792 2587 c.
808 2558 858 2593 10,
902 2556 965 2586 and
980 2556 1034 2586 the
1050 2557 1136 2586 note.

90 2601 152 2630 and
168 2600 222 2628 the
238 2602 321 2628 note.
946 2600 976 2629 3.
1005 2598 1162 2637 [tamen]]
1199 2607 1262 2628 om.
1292 2597 1388 2627 V.—⁴
1400 2597 1587 2628 interessent
1597 2597 1616 2627 :'
1646 2597 1674 2627 if

135 2645 164 2672 2.
193 2641 377 2679 Censorino]
417 2641 474 2670 See
491 2641 570 2670 Phil.
583 2641 662 2671 xi.c.
676 2643 760 2671 5.—‘
773 2641 859 2671 Ven-
904 2651 981 2677 seas,
1007 2641 1196 2676 mountains‚
1223 2641 1306 2679 buge
1326 2643 1434 2670 extent
1458 2640 1494 2670 of
1516 2640 1673 2670 countries

91 2685 168 2715 tidio
182 2684 201 2713 :'
228 2684 307 2713 Phil.
325 2683 377 2712 xii.
395 2693 421 2712 c.
438 2686 468 2713 9.
904 2694 984 2713 were
999 2683 1331 2712 between.—‘odisses
1343 2705 1349 2712 .
1363 2705 1370 2712 .
1383 2705 1390 2712 .
1402 2682 1548 2712 videres?
1564 2683 1671 2712 Halm.

136 2727 261 2757 Barbas
280 2725 416 2764 Cassios]
466 2725 523 2754 See
539 2725 588 2754 Ad
603 2725 670 2755 Att.
687 2726 751 2755 xiii.
765 2728 862 2756 52.-
904 2726 973 2755 The
988 2735 1133 2755 common
1148 2728 1217 2754 text
1231 2725 1257 2754 is
1270 2727 1277 2740 ‘
1290 2725 1432 2755 odissetis
1444 2747 1450 2754 .
1464 2747 1470 2754 .
1483 2749 1489 2754 .
1501 2725 1669 2754 videretis.’

95 2769 320 2808 ‘Eutrapelum
335 2767 353 2797 :'
381 2768 579 2797 Volumnius.
637 2768 695 2797 See
720 2769 802 2800 Phil.
827 2769 859 2798 ii.
949 2768 1038 2807 belli]
1060 2768 1146 2797 ‘belli
1160 2767 1225 2797 est'
1241 2768 1270 2796 V
1283 2767 1302 2797 b
1315 2770 1345 2803 t;
1363 2771 1383 2784 ‘¹
1396 2770 1404 2784 ‘
1415 2767 1489 2797 belli
1505 2771 1563 2797 est.
1595 2767 1669 2796 Est’

93 2823 119 2842 c.
137 2814 167 2849 8,
184 2812 244 2841 and
261 2812 315 2841 the
331 2814 416 2840 note.
902 2821 921 2840 a
942 2821 962 2850 g
985 2810 1083 2840 Orelli
1094 2810 1112 2824 '⁷
1128 2809 1268 2850 (Halm),
1294 2810 1364 2839 who
1390 2810 1446 2839 has
1473 2810 1555 2839 what
1580 2809 1606 2838 is
1636 2809 1670 2838 in

137 2856 252 2884 tertiae
281 2852 445 2891 decuriae]
495 2851 553 2881 See
580 2851 661 2881 Phil.
687 2851 708 2881 i.
736 2862 762 2881 c.
785 2854 859 2882 8.-
903 2853 957 2882 the
976 2856 1056 2883 text.
1115 2853 1176 2882 We
1192 2862 1263 2891 may
1279 2853 1365 2882 write
1382 2855 1389 2868 ‘
1404 2852 1479 2882 belli
1493 2851 1670 2887 est—Est‚’

95 2901 102 2914 ‘
117 2897 273 2927 beneficiis
298 2895 437 2926 Caesaris
450 2894 469 2924 :'
505 2904 557 2925 see
582 2894 661 2923 Phil.
683 2894 724 2924 xi.
753 2904 778 2923 c.
810 2896 857 2931 14,
904 2896 1031 2934 making
1046 2905 1065 2925 a
1079 2905 1175 2934 pause
1190 2895 1269 2925 after
1285 2898 1292 2912 ⁴
1307 2894 1379 2924 belli
1395 2895 1465 2924 est!
