1816 3211
139 181 222 223 596
295 179 476 221 ORAT.
509 175 1024 220 PHILIPPICARUM
1060 174 1247 216 LIBER
1279 174 1608 217 SEPTIMUS.

133 293 505 334 formidolosissimi
527 292 743 346 temporis.
804 290 912 330 Tum
933 293 1075 330 autem
1095 288 1328 329 illustratur
1345 288 1584 329 consulatus
1601 303 1727 343 quum

133 359 343 413 gubernat
378 373 466 398 rem
501 357 723 411 publicam,
760 355 795 395 si
830 369 912 394 non
955 352 1141 408 optabili,
1176 358 1222 393 at
1257 352 1491 393 necessario
1526 358 1727 407 tempore.

136 423 280 477 Magis
311 427 453 463 autem
485 420 781 468 necessarium,
818 426 960 473 patres
988 416 1229 472 conscripti,
1260 416 1416 456 nullum
1442 421 1608 471 tempus
1639 432 1728 457 um-

134 502 259 542 quam
282 487 373 526 fuit.

193 552 277 591 ΙΙΙ.
314 551 465 604 Itaque
497 563 574 604 ego
609 548 687 597 ille,
724 547 792 602 qui
827 561 991 601 semper
1023 546 1140 602 pacis
1173 551 1322 587 auctor
1355 545 1426 594 sui,
1465 545 1612 600 cuique
1646 561 1729 601 pax

130 615 375 670 praesertim
403 614 544 662 civilis,
569 627 820 668 quamquam
847 612 1040 652 omnibus
1074 612 1205 661 bonis,
1228 616 1372 652 tamen
1404 610 1447 650 in
1479 610 1622 665 primis
1650 612 1729 653 fuit

131 680 539 735 optabilisz—omne
572 679 682 719 enim
717 677 968 718 curriculum
1003 676 1233 717 industriae
1268 681 1438 716 nostrae
1474 675 1515 715 in
1550 676 1651 726 foro,
1687 676 1728 716 in

131 745 259 794 curia,
298 744 341 785 in
376 743 606 784 amicorum
646 742 840 798 periculis
880 742 1170 796 propulsandis
1211 741 1474 782 elaboratum
1509 745 1600 781 est:
1634 740 1729 782 hinc

130 811 309 850 honores
330 809 620 864 amplissimos,
643 808 740 848 hinc
761 807 994 848 mediocres
1017 821 1129 862 opes,
1148 806 1243 847 hinc
1265 805 1528 860 dignitatem,
1548 805 1582 845 si
1603 820 1729 860 quam

130 875 345 924 habemus,
364 873 578 914 consecuti
599 887 743 913 sumus
758 886 909 927 z—-ego
928 871 1056 926 igitur
1076 871 1203 926 pacis,
1219 876 1267 912 ut
1283 870 1342 910 ita
1360 870 1507 921 dicam,
1522 871 1726 919 alumnus,

130 940 213 995 qui,
245 944 606 994 quantuscumque
637 937 905 986 surm—nihil
930 937 1038 977 enim
1063 936 1164 976 mihi
1190 951 1354 991 arrogo,
1379 935 1466 976 sine
1491 950 1594 991 pace
1620 935 1729 976 civili

130 1010 245 1045 certe
266 1019 349 1044 non
371 1003 834 1058 fuissem—periculose
865 1002 986 1049 (Ἠοῦς
1023 1001 1371 1056 quemadmodum
1399 1000 1625 1055 accepturi,
1657 1015 1728 1055 pa-

128 1074 217 1110 tres
239 1068 477 1123 conscripti,
498 1068 591 1109 sitis
607 1069 768 1116 horreo,
789 1067 861 1107 sed
883 1081 958 1121 pro
980 1081 1072 1107 mea
1088 1071 1290 1121 perpetua
1311 1065 1540 1120 cupiditate
1561 1070 1727 1107 vestrae

131 1133 350 1188 dignitatis
384 1132 626 1173 retinendae
654 1137 697 1173 et
729 1131 945 1185 augendae
974 1145 1129 1185 quaeso
1163 1145 1319 1184 oroque
1340 1144 1424 1179 vos,
1459 1134 1600 1184 patres
1630 1145 1727 1171 con-

130 1198 289 1252 scripti,
319 1202 366 1238 ut
394 1197 540 1252 primo,
569 1197 603 1237 si
632 1197 712 1238 erit
745 1197 807 1237 vel
840 1197 1035 1237 acerbum
1060 1195 1205 1236 auditu
1233 1195 1296 1235 vel
1329 1194 1570 1235 incredibile
1602 1209 1627 1235 a
1660 1195 1723 1235 M.

131 1263 331 1303 Cicerone
360 1277 452 1303 esse
486 1262 660 1310 dictum,
683 1261 902 1316 accipiatis
929 1261 1017 1301 sine
1039 1260 1265 1301 offensione
1292 1261 1404 1315 quod
1437 1260 1593 1311 dixero,
1622 1275 1726 1302 neve

129 1327 171 1367 id
206 1327 320 1383 prius
354 1342 478 1382 quam
511 1327 632 1382 quale
669 1326 726 1367 sit
762 1326 1025 1381 explicavero
1055 1325 1439 1381 repudietiS,—ego
1475 1325 1553 1377 ille,
1592 1325 1727 1366 dicam

129 1393 306 1448 saepius,
330 1392 444 1448 pacis
466 1406 630 1447 semper
650 1391 856 1441 laudator,
887 1405 1049 1446 semper
1070 1395 1229 1439 auctor,
1260 1405 1404 1445 pacem
1426 1404 1520 1430 cum
1551 1391 1613 1432 M.
1638 1390 1726 1431 An-

128 1458 245 1499 tonio
267 1473 357 1498 esse
379 1458 489 1498 nolo.
542 1456 703 1510 Magna
722 1471 795 1511 spe
818 1456 1027 1511 ingredior
1047 1456 1088 1496 in
1109 1456 1308 1510 reliquam
1326 1455 1567 1506 orationem,
1583 1461 1726 1510 patres

128 1522 369 1578 conscripti,
400 1521 595 1576 quoniam
627 1521 1025 1576 periculosissimum
1056 1521 1194 1561 locum
1222 1520 1386 1561 silentio
1418 1535 1511 1560 sum
1540 1524 1726 1574 praeter-

128 1592 287 1628 vectus.
348 1586 432 1627 Gur
453 1586 582 1640 igitur
602 1600 749 1640 pacem
770 1585 893 1626 nolo?
955 1585 1062 1637 Quia
1088 1584 1224 1640 turpis
1252 1590 1329 1634 est,
1352 1584 1448 1639 quia
1478 1584 1722 1639 periculosa,

127 1652 225 1707 quia
247 1666 336 1693 esse
357 1666 441 1691 non
461 1655 618 1706 potest.
682 1650 799 1701 Quae
821 1650 903 1691 tria
924 1650 1023 1690 dum
1053 1650 1226 1705 explico,
1260 1654 1358 1704 peto
1379 1664 1405 1689 a
1424 1649 1555 1699 vobis,
1582 1654 1726 1704 patres

127 1717 368 1771 conscripti,
392 1721 440 1757 ut
460 1716 604 1756 eadem
626 1715 888 1769 benignitate
909 1729 990 1769 qua
1011 1715 1156 1755 soletis
1179 1728 1273 1754 mea
1293 1715 1420 1754 verba
1439 1714 1633 1755 audiatis.

187 1780 296 1831 Quid
316 1785 383 1821 est
410 1780 708 1829 inconstantia,
738 1780 922 1829 levitate,
955 1779 1203 1828 mobilitate,
1227 1793 1355 1833 quum
1388 1778 1561 1833 singulis
1593 1780 1724 1820 homi-

129 1844 263 1893 nibus,
287 1849 379 1884 tum
399 1858 498 1884 vero
520 1844 713 1883 universo
742 1843 906 1884 senatui
936 1843 1129 1897 turpius?
1191 1843 1300 1894 Quid
1330 1858 1454 1897 porro
1486 1843 1723 1885 inconstan-

130 1909 216 1950 tius
243 1924 378 1963 quam,
413 1923 535 1963 quem
564 1908 688 1948 modo
723 1908 887 1948 hostem
920 1923 1001 1948 non
1023 1909 1160 1956 verbo,
1187 1909 1260 1948 sed
1294 1923 1337 1948 re
1369 1908 1512 1949 multis
1545 1909 1726 1950 decretis

124 1974 374 2029 judicaritis,
399 1989 493 2014 cum
513 1974 591 2013 hoc
613 1973 750 2013 subito
772 1988 919 2028 pacem
940 1973 1043 2014 velle
1066 1972 1262 2026 conjungi
1281 1973 1293 2012 ἓ
1354 1973 1445 2013 Nisi
1466 1988 1574 2023 vero,
1598 1989 1726 2029 quum

133 2039 180 2080 G.
205 2038 374 2079 Caesari
401 2038 573 2078 meritos
601 2038 656 2077 illi
689 2037 857 2092 quidem
887 2038 1065 2078 honores
1093 2043 1137 2078 et
1167 2037 1346 2087 debit-os,
1366 2038 1439 2078 sed
1470 2042 1612 2079 tamen
1644 2039 1726 2079 sin-

132 2103 300 2157 gulares
331 2108 374 2144 et
405 2102 661 2143 immortales
692 2102 946 2152 decrevistis,
970 2117 1096 2142 unam
1127 2103 1181 2142 ob
1212 2117 1413 2152 caussam,
1438 2103 1548 2157 quod
1580 2108 1727 2144 contra

135 2168 198 2208 M.
223 2167 455 2208 Antonium
477 2167 705 2207 exercitum
728 2166 1068 2221 comparavisset,
1091 2181 1174 2206 non
1194 2166 1359 2208 hostem
1379 2172 1471 2208 tum
1492 2167 1726 2209 Antonium

129 2232 406 2286 judicavistis,
430 2246 506 2272 nec
538 2236 628 2272 tum
658 2232 793 2273 hostis
822 2237 887 2272 est
914 2246 939 2271 a
968 2232 1085 2272 vobis
1112 2232 1328 2286 judicatus
1350 2232 1574 2284 Antonius,
1599 2249 1727 2289 quum

134 2297 293 2337 laudati
332 2296 586 2337 auctoritate
621 2302 762 2337 vestra
797 2296 982 2337 veterani
1016 2296 1182 2346 milites,
1225 2296 1295 2351 qui
1337 2296 1559 2338 Gaesarem
1594 2299 1727 2340 secuti

133 2366 284 2409 essent,
316 2375 394 2401 nec
426 2367 516 2402 tum
551 2362 717 2402 hostem
755 2361 989 2402 Antonium
1016 2361 1292 2414 judicavistis,
1329 2376 1455 2416 quum
1486 2363 1726 2404 fortissimis

132 2424 377 2478 legionibus,
402 2426 512 2479 quod
540 2425 666 2475 illum,
694 2425 763 2480 qui
786 2426 929 2466 consul
959 2425 1248 2479 appellabatur
1283 2441 1409 2480 quum
1437 2432 1548 2467 esset
1578 2428 1724 2477 hostis,

133 2489 411 2543 reliquissent,
442 2489 695 2538 vacationes,
730 2490 938 2544 pecuniaS,
976 2504 1099 2543 agros
1131 2490 1426 2544 spopondistis.
1489 2491 1570 2533 IV.
1603 2493 1724 2544 Quid,

133 2568 257 2609 quum
278 2553 469 2601 Brutum,
490 2554 625 2594 omine
643 2554 823 2608 quodam
841 2554 948 2594 illius
965 2553 1129 2608 generis
1147 2560 1189 2595 et
1211 2554 1388 2595 nominis
1409 2560 1552 2596 natum
1571 2557 1623 2596 ad
1639 2571 1728 2596 rem

132 2617 344 2674 publicam
360 2617 630 2668 liberandam,
650 2618 964 2673 exercitumque
987 2619 1078 2672 ejus
1092 2633 1167 2673 pro
1183 2619 1378 2660 libertate
1395 2620 1533 2674 populi
1550 2620 1726 2661 Romani

177 2728 207 2757 3.
231 2728 373 2766 silentio]
431 2728 482 2757 He
512 2728 573 2758 had
603 2730 684 2759 been
715 2731 845 2760 allowed
875 2734 908 2760 to
955 2729 1066 2766 ‘tum‚’
1083 2730 1186 2760 which
1202 2730 1227 2760 is
1243 2732 1392 2769 wanting.
1437 2731 1468 2760 V
1483 2731 1539 2760 has
1563 2732 1571 2746 ⁴
1585 2740 1655 2760 cum
1668 2728 1675 2742 '
1692 2729 1726 2759 in

135 2770 227 2799 make
253 2770 316 2799 this
343 2770 530 2799 declaration
549 2772 681 2802 without
708 2783 769 2812 any
791 2774 860 2812 sign
876 2773 912 2803 of
952 2773 1041 2812 place
1057 2773 1093 2802 of
1105 2776 1112 2789 ⁴
1127 2772 1218 2809 tum‚’
1235 2773 1297 2803 and
1314 2774 1344 2803 D
1361 2774 1455 2803 omits
1471 2774 1505 2803 it.

135 2812 314 2852 opposition
330 2812 371 2851 by
387 2813 441 2841 the
458 2816 575 2842 senate.
996 2817 1026 2845 4.
1052 2816 1204 2852 Brutum,
1243 2817 1347 2845 omine
1377 2838 1384 2846 .
1404 2838 1412 2845 .
1431 2838 1438 2845 .
1467 2814 1609 2854 yeneris]
1671 2814 1724 2844 He

179 2855 289 2884 multia¹
312 2855 462 2893 decretis]
513 2855 570 2884 See
595 2856 675 2886 Phil.
698 2857 736 2886 iii.
756 2858 818 2887 and
834 2868 909 2887 v.-
952 2858 1071 2887 alludes
1084 2861 1116 2887 to
1129 2858 1184 2888 the
1194 2858 1246 2888 old
1257 2861 1345 2898 story
1360 2858 1396 2888 of
1408 2858 1462 2888 the
1477 2856 1723 2897 king-expeller,

136 2899 143 2913 ‘
156 2907 219 2926 non
235 2897 358 2928 hostem
373 2900 442 2928 tum
458 2897 635 2927 Antonium
649 2898 668 2928 ι’
694 2899 791 2929 Halm
807 2900 908 2930 added
953 2900 1083 2931 Brutus.
