1816 3211
93 194 173 236 060
221 193 398 235 ORAT.
423 192 937 234 PHILIPPICARUM
973 191 1160 232 LIBER
1192 191 1625 235 DUODECIMUS.

90 313 156 348 est
186 321 270 347 non
305 307 399 348 dico
447 307 665 362 dignitate,
710 307 783 347 scd
829 306 956 347 ctiam
1004 320 1077 360 spe
1127 304 1275 346 salutis
1313 305 1514 360 spoliatus
1550 307 1687 347 Anto-

89 371 194 412 nius.
258 371 328 411 Ad
363 387 457 412 eum
485 377 528 413 te
561 372 619 412 ire
652 372 836 425 legatum
872 370 965 424 quis
997 385 1080 410 non
1115 370 1363 411 miraretur?
1424 370 1489 410 De
1520 385 1586 410 mc
1617 386 1686 412 ex-

89 437 239 491 perior,
289 437 409 489 cujus
460 437 567 476 idem
617 434 832 475 consilium
874 434 985 488 quod
1025 439 1145 475 tuum
1196 434 1332 475 sentio
1380 448 1504 488 quam
1550 449 1685 488 repre-

89 501 310 542 hendatur.
373 501 461 540 Nos
488 499 828 554 reprehendimur
855 499 958 539 soli?
1019 499 1140 551 Quid,
1176 499 1237 539 vir
1267 498 1518 539 fortissimus
1548 499 1688 540 Pansa

88 565 176 606 sine
212 580 361 606 caussa
389 570 476 605 tam
507 568 703 605 accurate
735 564 870 618 paullo
903 572 1002 605 ante
1033 564 1199 604 locutus
1230 568 1297 605 est
1329 563 1514 604 tamdiu?
1576 564 1686 615 Quid

88 630 175 683 egit
196 629 275 669 nisi
297 629 360 670 uti
393 629 539 669 falsam
560 629 809 683 proditionis
830 644 855 669 a
876 643 920 669 se
940 628 1215 683 suspicionem
1248 628 1498 683 depelleret?
1560 628 1686 669 Unde

87 699 231 734 autem
266 693 347 735 ista
386 693 570 748 suspicio
613 695 706 734 est?
769 693 837 733 Ex
873 694 991 748 pacis
1030 693 1262 748 patrocinio
1302 693 1532 748 repentino,
1575 694 1685 748 quod

88 759 227 799 subito
249 758 437 813 suscepit
459 759 605 798 eodem
628 762 777 813 captus
798 773 937 799 errore
959 773 1040 813 quo
1061 773 1152 798 nos.

147 824 233 864 ΙΙΙ.
269 824 389 875 Quod
423 823 458 863 si
494 828 560 864 est
600 828 797 872 erratum,
839 830 982 877 patres
1021 822 1260 876 conscripti,
1303 837 1377 877 spe
1416 822 1521 863 falsa
1559 827 1685 877 atque

87 888 235 938 fallaci,
259 889 478 928 redeamus
499 888 541 927 in
563 887 682 928 viam.
747 887 943 942 Optimus
965 892 1030 928 est
1058 892 1205 941 portus
1236 888 1470 941 poenitenti
1504 887 1685 928 mutatio

88 953 260 994 consilii.
322 953 431 1004 Quid
453 952 561 993 enim
582 957 737 1007 potest,
761 967 835 1007 per
856 952 955 992 deos
977 952 1247 1001 immortales,
1271 952 1330 992 rei
1351 951 1541 1006 publicae
1562 953 1686 1007 prod-

87 1032 177 1058 esse
208 1022 353 1058 nostra
383 1017 538 1072 legatio
556 1018 568 1057 ἓ
620 1017 828 1056 Prodesse
850 1016 944 1056 dico
962 1018 975 1057 ἲ
1027 1015 1150 1067 Quid,
1173 1015 1208 1055 si
1229 1016 1355 1056 etiam
1376 1017 1571 1058 obfutura
1593 1018 1685 1058 est?

89 1082 322 1123 Obfutura?
384 1082 505 1134 Quid,
538 1081 572 1121 si
589 1082 676 1135 jam
699 1081 843 1121 nocuit
863 1085 990 1134 atque
1013 1079 1180 1120 obfuit?
1241 1080 1313 1120 An
1334 1096 1406 1122 vos
1439 1081 1685 1122 acerrimam

85 1147 197 1187 illam
217 1151 260 1186 et
280 1145 552 1187 fortissimam
586 1144 725 1199 populi
753 1144 932 1184 Romani
959 1144 1169 1185 libertatis
1199 1146 1506 1199 recuperandae
1529 1146 1684 1201 cupidi-

87 1217 220 1252 tatem
241 1226 323 1251 non
345 1210 605 1251 imminutam
619 1224 669 1250 ac
684 1210 947 1251 debilitatam
969 1210 1130 1265 putatis
1151 1210 1360 1264 legatione
1381 1211 1495 1265 pacis
1515 1212 1685 1253 audita?

87 1276 195 1328 Quid
215 1275 440 1330 municipia
461 1275 653 1324 censetis,
678 1275 778 1329 quid
800 1275 995 1325 colonias,
1025 1275 1125 1329 quid
1149 1280 1344 1316 cunctam
1368 1275 1548 1326 Italiam,
1571 1276 1684 1318 futu-

85 1355 175 1381 ram
196 1341 343 1381 eodem
365 1340 503 1381 studio
526 1354 606 1394 quo
629 1345 776 1380 contra
797 1354 1014 1380 commune
1042 1339 1279 1380 incendium
1312 1342 1551 1382 exarserat?
1615 1342 1685 1382 An

86 1420 169 1446 non
190 1410 388 1459 putamus
418 1405 507 1445 fore
529 1409 578 1445 ut
599 1419 672 1445 eos
692 1404 909 1459 poeniteat
939 1405 1149 1460 professos
1179 1419 1269 1445 esse
1291 1409 1334 1445 et
1354 1420 1453 1460 prae
1474 1420 1518 1446 se
1539 1406 1684 1446 tulisse

87 1469 227 1510 odium
254 1470 295 1510 in
318 1469 563 1518 Antonium,
592 1469 661 1523 qui
694 1469 893 1523 pecunias
927 1469 1100 1524 polliciti
1132 1474 1243 1518 sunt,
1274 1469 1343 1524 qui
1378 1484 1505 1518 arma,
1539 1471 1608 1525 qui
1638 1486 1684 1512 se

85 1539 201 1576 totos
222 1539 267 1575 et
286 1534 435 1574 animis
466 1539 509 1574 et
541 1534 782 1588 corporibus
803 1534 844 1574 in
867 1534 1047 1575 salutem
1078 1533 1137 1574 rei
1170 1533 1360 1588 publicae
1392 1534 1684 1577 contulerunt?

88 1599 222 1651 Quem
242 1599 295 1639 ad
317 1599 487 1639 modum
508 1603 695 1639 vestrum
716 1598 796 1639 hoc
817 1598 1034 1639 consilium
1058 1598 1202 1652 Capua
1221 1598 1430 1653 probabit,
1455 1613 1559 1653 quae
1580 1604 1684 1640 tem-

86 1664 257 1719 poribus
289 1663 354 1703 his
390 1663 526 1703 Roma
560 1663 694 1704 altera
729 1663 821 1703 est?
887 1663 964 1703 Illa
999 1662 1148 1717 impios
1179 1662 1289 1703 cives
1306 1663 1521 1716 judicavit,
1544 1663 1684 1717 ejecit,

87 1728 281 1769 exclusit.
343 1727 422 1776 Illi,
456 1727 526 1777 illi,
550 1727 733 1781 inquam,
762 1727 854 1767 urbi
886 1727 1112 1767 fortissime
1145 1727 1315 1767 conanti
1345 1741 1367 1767 e
1394 1727 1586 1767 manibus
1617 1732 1684 1769 est

86 1797 256 1846 ereptus
289 1790 519 1832 Antonius.
582 1791 693 1842 Quid
724 1791 935 1846 legionum
975 1795 1213 1831 nostrarum
1252 1805 1412 1839 nervos,
1450 1805 1586 1831 nonne
1617 1791 1683 1832 his

87 1854 268 1896 consiliis
290 1854 537 1895 incidimus?
597 1854 701 1907 Quis
722 1859 788 1895 est
809 1855 918 1895 enim
939 1854 1009 1909 qui
1029 1855 1083 1894 ad
1103 1855 1254 1895 bellum
1275 1855 1532 1896 inflammato
1545 1855 1682 1897 animo

87 1920 254 1960 futurus
274 1919 329 1959 sit
356 1933 430 1973 spe
463 1919 578 1973 pacis
611 1919 777 1959 oblata?
840 1918 940 1974 Ipsa
972 1919 1040 1959 illa
1076 1918 1235 1959 Martia
1267 1919 1459 1960 caelestis
1481 1924 1524 1960 et
1545 1920 1684 1962 divina

87 1983 196 2039 legio
224 1984 304 2024 hoc
335 1983 482 2024 nuntio
513 1983 759 2038 languescet
779 1988 823 2023 et
843 1983 1053 2024 mollietur
1082 1988 1211 2037 atque
1243 1983 1341 2023 illud
1362 1984 1683 2037 pulcherrimum

92 2048 297 2089 Martium
322 2062 474 2088 nomen
497 2048 693 2089 amittet:
729 2047 925 2089 excident
954 2047 1094 2102 gladii,
1116 2048 1248 2088 fluent
1268 2063 1384 2088 arma
1405 2048 1456 2089 de
1477 2049 1681 2092 manibus.

90 2113 291 2154 Senatum
313 2112 422 2153 enim
442 2116 589 2153 secuta
610 2126 693 2152 non
713 2112 990 2153 arbitrabitur
1006 2128 1051 2153 se
1068 2113 1257 2167 graviore
1275 2113 1369 2153 odio
1391 2113 1433 2153 in
1451 2113 1683 2154 Antonium

88 2192 180 2218 esse
202 2177 352 2217 debere
374 2191 497 2231 quam
525 2181 730 2218 senatum.
795 2177 937 2218 Pudet
967 2178 1092 2232 hujus
1121 2177 1307 2231 legionis,
1331 2177 1461 2231 pudet
1484 2177 1679 2229 Quartae,

89 2256 194 2297 quae
224 2241 315 2296 pari
344 2241 500 2281 virtute
530 2245 719 2282 nostram
754 2241 1053 2283 auctoritatem
1084 2242 1278 2296 probans,
1301 2256 1383 2281 non
1403 2245 1452 2282 ut
1473 2243 1683 2284 consulem

90 2312 134 2348 et
165 2306 457 2360 imperatorem
483 2320 616 2354 suum,
639 2306 713 2346 sed
733 2311 782 2347 ut
806 2306 972 2347 hostem
992 2311 1034 2348 et
1056 2311 1388 2361 oppugnatorem
1408 2306 1569 2360 patriae
1589 2307 1682 2348 reli—

92 2369 183 2424 quit
215 2369 475 2416 Antonium;
510 2369 640 2424 pudet
679 2369 827 2424 optimi
867 2370 1090 2419 exercitus,
1132 2370 1201 2424 qui
1241 2371 1490 2425 conjunctus
1528 2376 1594 2412 est
1629 2386 1681 2412 ex

93 2434 280 2480 duobus3
315 2433 382 2488 qui
398 2434 486 2487 jam
513 2435 732 2483 lustratus,
766 2435 835 2489 qui
866 2435 1075 2490 profectus
1105 2435 1159 2474 ad
1189 2434 1401 2475 Mutinam
1431 2440 1522 2483 est;
1556 2436 1626 2490 qui
1646 2436 1681 2477 si

93 2497 220 2553 pacis,
244 2497 287 2537 id
309 2502 386 2547 est,
410 2497 573 2538 timoris
593 2499 727 2540 nostri
747 2514 898 2540 nomen
918 2498 1134 2548 audiverit,
1157 2502 1206 2540 ut
1225 2513 1308 2539 non
1335 2499 1488 2541 referat
1518 2500 1678 2554 pedem,

94 2651 187 2687 mius,
218 2651 326 2681 Halm.
380 2651 448 2681 The
478 2653 659 2691 expression
689 2656 696 2671 ‘
712 2664 862 2691 severam,
907 2654 1014 2684 before
1028 2654 1091 2684 this
1106 2654 1208 2693 legion
1221 2654 1239 2691 ;’
1256 2657 1263 2671 ‘
1275 2654 1423 2685 ashamed
1436 2655 1471 2684 of
1481 2655 1545 2684 this
1557 2654 1677 2694 legion’

95 2703 220 2732 gravem
238 2716 245 2724 .
264 2716 271 2723 .
290 2715 297 2723 .
316 2694 522 2723 sententiam'
546 2705 654 2725 occurs
679 2696 757 2728 Phil.
773 2698 815 2727 xi.
832 2698 862 2727 6.
907 2697 1010 2727 would
1026 2707 1153 2736 express
1169 2697 1253 2727 what
1269 2697 1378 2727 Cicero
1401 2697 1476 2727 does
1498 2701 1555 2727 not
1575 2707 1677 2727 mean.

95 2737 165 2766 The
181 2736 352 2766 correction
369 2746 439 2775 may
456 2736 495 2766 be
509 2737 603 2775 right.
908 2740 967 2770 See
982 2740 1072 2769 Verr.
1092 2740 1124 2769 ii.
1148 2742 1179 2776 5,
1205 2750 1231 2769 c.
1249 2742 1300 2775 52,
1324 2740 1386 2769 and
1410 2740 1465 2769 the
1489 2743 1628 2770 note—¹
1640 2750 1678 2769 ex

140 2780 170 2809 3.
195 2781 322 2817 ereptus
350 2779 526 2817 Antonius]
587 2779 644 2808 See
671 2780 751 2810 Phil.
776 2781 809 2811 ii.
835 2791 862 2811 c.
907 2782 1030 2812 duobus
1044 2782 1064 2811 ε’
1082 2782 1142 2821 ,ὼε
1157 2783 1271 2811 armies
1287 2782 1322 2811 of
1335 2782 1448 2812 Caesar
1463 2783 1525 2812 and
1543 2782 1676 2811 Hirtius.

96 2823 156 2852 39:
182 2823 201 2838 “
216 2821 491 2854 Quemadmodum
507 2821 593 2850 illinc
608 2821 729 2859 abieris,
744 2824 791 2853 vel
806 2834 863 2862 po-
907 2825 976 2855 The
1005 2835 1094 2864 army
1123 2834 1185 2854 was
1216 2825 1384 2854 ‘lustratus
1398 2824 1417 2860 ;’
1448 2825 1504 2854 the
1531 2824 1677 2862 religious

97 2864 160 2893 tius
177 2874 275 2902 paene
291 2874 354 2893 non
367 2864 479 2894 abieris
495 2862 632 2893 scimus!
909 2877 1075 2907 eeremony
1091 2867 1125 2897 of
1137 2869 1144 2883 ⁶
1158 2867 1302 2898 lustratio
1317 2867 1324 2880 '
1340 2867 1402 2897 had
1419 2867 1497 2897 been
1512 2867 1604 2896 done.

140 2907 246 2937 Pudet
262 2907 356 2946 hujus
368 2907 515 2946 leyz'onis]
551 2908 558 2922 ⁴
571 2906 632 2936 We
644 2906 702 2936 feel
717 2907 865 2938 ashamed
