1816 3211
26 125 107 167 702
253 121 433 163 ORAT.
466 119 987 162 PHILIPPIGARUM
1024 120 1213 162 LIBER
1245 121 1380 162 XIV.

21 238 109 279 suis
137 252 263 293 quam
289 236 348 278 rei
370 237 561 293 publicae
593 235 814 286 infelicem,
846 235 1178 307 cengregabant.
1241 234 1306 276 Ibi
1340 249 1468 290 quum
1499 237 1633 278 consi-

20 304 121 345 lium
144 303 297 344 inirent
319 303 369 343 de
388 303 517 343 caede
539 307 698 351 nostra,
714 281 1058 356 part‘ii‘entuique
1079 300 1191 342 inter
1211 315 1256 341 se
1278 301 1347 356 qui
1367 300 1632 356 Capitolium,

22 370 93 425 qui
114 376 263 418 rostra,
288 368 357 423 qui
390 368 506 408 urbis
531 372 678 422 portas
709 372 978 421 occuparent,
1002 366 1056 406 ad
1078 380 1144 407 me
1167 381 1417 407 concursum
1448 367 1634 407 futurum

23 435 207 477 civitatis
239 435 460 489 putabant.
523 433 645 484 Quod
675 438 722 472 ut
754 446 850 472 cum
880 431 1036 472 invidia
1068 446 1161 472 mea
1185 432 1319 481 fieret,
1342 438 1386 473 et
1408 446 1503 472 cuin
1524 433 1634 474 vitae

22 501 148 543 etiam
180 499 376 555 periculo,
400 499 557 538 famam
593 497 718 538 istam
747 497 924 538 fascium
955 497 1290 552 dissipaverunt:
1325 497 1462 538 fasces
1482 497 1560 552 ipsi
1581 498 1635 539 ad

20 581 87 607 me
113 564 292 606 delaturi
324 564 508 605 fuerunt.
572 563 696 615 Quod
724 577 853 618 quum
882 569 996 604 esset
1033 562 1152 618 quasi
1184 577 1278 603 mea
1305 563 1523 604 voluntate
1550 564 1634 605 fac-

20 638 125 681 tum,
147 637 238 672 tum
260 629 301 671 in
324 645 389 671 me
417 630 600 686 impetus
631 630 938 671 conductorum
969 629 1183 670 hominum
1207 629 1326 684 quasi
1346 629 1389 670 in
1410 635 1635 683 tyrannum

20 699 278 754 parabatur;
314 711 367 737 ex
389 711 470 751 quo
493 695 645 737 caedes
666 701 780 737 esset
801 700 991 737 vestrum
1012 695 1196 736 omnium
1218 700 1473 736 consecuta:
1517 684 1634 748 Quae

19 779 89 805 res
116 762 331 818 patefecit,
364 767 508 817 patres
538 761 780 817 conscripti,
815 761 889 802 sed
921 776 996 802 suo
1027 766 1218 816 tempore
1248 761 1381 802 totius
1402 761 1526 816 huffus
1547 775 1635 801 sce-

20 829 118 871 leris
139 830 232 870 fons
261 828 488 889 aperietur.
552 827 704 882 Itaque
729 827 781 868 P.
803 827 1021 882 Apuleius,
1055 827 1250 869 tribunus
1280 827 1427 883 plebis,
1447 842 1636 868 meorum

22 889 206 936 omnium
246 893 513 943 consiliorum
553 892 917 948 periculorumque
954 892 1045 947 jam
1085 893 1181 933 inde
1221 908 1246 933 a
1278 894 1500 935 consulatu
1541 907 1635 933 meo

21 962 159 1010 testis,
183 960 387 1007 conscius,
411 959 592 1013 adjutor,
617 958 802 999 dolorem
822 958 931 999 ferre
954 973 1037 998 non
1058 957 1196 1013 potuit
1217 958 1373 1000 doloris
1395 958 1475 999 mei
1494 975 1502 999 :
1538 973 1646 1007 con-„

21 1027 182 1069 tionem
214 1026 362 1066 habuit
396 1024 625 1076 maximam
659 1024 812 1079 populo
849 1023 1043 1063 Romano
1081 1038 1212 1063 unum
1247 1030 1375 1078 atque
1407 1024 1518 1064 idem
1543 1037 1636 1076 sen-

21 1092 166 1133 tiente.
233 1091 282 1131 In
305 1105 386 1145 qua
407 1089 601 1131 contione
624 1103 752 1144 quum
774 1103 839 1129 me
867 1103 943 1143 pro
965 1103 1129 1129 summa
1160 1094 1305 1130 nostra
1336 1089 1636 1143 conjunctione

23 1164 66 1199 et
87 1156 370 1198 familiaritate
402 1156 578 1196 liberare
607 1154 844 1210 suspicione
877 1154 1054 1194 fascium
1076 1154 1212 1201 vellet,
1244 1169 1328 1195 una
1349 1169 1450 1195 voce
1482 1156 1637 1207 cuncta.

23 1223 165 1265 contio
189 1221 415 1263 declaravit
437 1221 537 1261 nihil
560 1235 652 1261 esse
675 1235 700 1261 a
721 1236 786 1261 me
815 1235 1015 1275 umquam
1037 1220 1088 1261 de
1110 1235 1154 1261 re
1177 1220 1344 1275 publica
1366 1220 1445 1261 nisi
1476 1221 1635 1276 optime

23 1288 271 1344 cogitatum.
335 1287 443 1328 Post
475 1287 581 1328 hanc
614 1286 804 1328 habitam
837 1286 1077 1327 contionem
1111 1287 1274 1326 duabus
1301 1286 1490 1327 tribusve
1523 1286 1637 1327 horis

23 1354 275 1409 optatissimi
307 1353 441 1393 nuntii
465 1358 507 1393 et
529 1352 696 1393 litterae
717 1357 934 1401 venerunt,
959 1357 1008 1393 ut
1038 1351 1148 1393 idem
1180 1351 1269 1392 dies
1300 1366 1383 1392 non
1414 1353 1539 1393 modo
1571 1366 1637 1392 me

23 1413 283 1475 iniquissima
316 1419 469 1459 invidia
497 1418 699 1469 liberarit,
734 1418 809 1459 sed
839 1418 968 1459 etiam
999 1418 1272 1459 celeberrima
1292 1418 1435 1473 populi
1458 1417 1638 1459 Romani

23 1485 307 1542 gratulatione
329 1485 510 1526 auxerit.

84 1551 206 1592 Haec
232 1549 475 1606 interposui,
492 1555 634 1606 patres
651 1549 889 1605 conscripti,
914 1564 997 1590 non
1019 1554 1108 1590 tam
1131 1553 1178 1591 ut·
1198 1564 1275 1605 pro
1296 1564 1362 1591 me
1384 1549 1640 1597 dicerem,—

24 1617 131 1659 male
159 1617 268 1657 enim
297 1631 459 1658 mecum
493 1621 702 1671 ageretur,
726 1615 761 1656 si
791 1630 936 1670 parum
959 1614 1079 1688 vobis
1113 1629 1247 1656 essem
1278 1614 1639 1680 sinesdefensiqne

25 1688 432 1745 purgatus—quain
461 1687 508 1723 ut
531 1682 735 1737 quosdam
764 1678 907 1721 nimisk
927 1731 929 1735 Α
948 1673 1052 1738 junp
1126 1680 1228 1720 iimo
1261 1675 1305 1721 et
1336 1657 1638 1742 ευξῆἒᾞῶο-

26 1764 181 1791 nerem,
205 1747 244 1787 id
268 1748 378 1805 quxod
401 1762 566 1802 semper
594 1747 682 1801 ipse
703 1745 909 1793 fecissem,
934 1744 996 1800 uti
1018 1745 1316 1786 excellentium
1337 1744 1487 1785 civium
1510 1744 1640 1800 virtu-

26 1820 112 1855 tem
149 1813 383 1869 imitatione
420 1812 602 1869 dignam,
638 1825 721 1851 non
754 1809 908 1850 invidia
941 1814 1154 1864 putarent.

27 1879 195 1935 publica
217 1877 400 1932 campus,
420 1882 468 1918 ut
489 1877 701 1931 sapienter
723 1876 862 1916 dicere
886 1874 1063 1916 Crassus
1080 1876 1269 1916 solebat:
1304 1875 1447 1915 multis
1467 1880 1641 1930 apertus

29 1959 177 1985 cursus
197 1944 250 1984 ad
271 1943 449 1984 laudem.
514 1940 623 1982 VII.
650 1941 831 1982 Utinam
854 1940 1021 1995 quidem
1043 1940 1099 1980 illi
1122 1940 1332 1995 principes
1348 1939 1547 1988 viverent,
1571 1939 1642 1996 qui

28 2025 94 2067 me
127 2016 223 2064 post
257 2024 395 2049 meum
428 2007 701 2052 consulatum,
726 2021 855 2061 quum
877 2006 927 2047 iis
948 2006 1036 2061 ipse
1068 2006 1271 2054 cederem,
1304 2005 1536 2061 principem
1558 2020 1640 2046 non

31 2075 150 2117 inviti
174 2075 374 2115 videbant
392 2077 399 2114 ἔ
467 2073 565 2114 Hoc
587 2087 686 2113 vero
709 2077 899 2127 tempore
921 2072 963 2112 in
986 2077 1109 2113 tanta
1131 2071 1270 2125 inopia
1291 2071 1576 2112 constantium
1597 2074 1642 2112 et

29 2141 202 2183 fortium
231 2139 513 2180 consularium
536 2152 618 2193 quo
639 2152 706 2178 me
728 2138 869 2178 dolore
898 2136 1007 2178 affici
1043 2136 1227 2185 creditis,
1252 2151 1379 2191 quum
1409 2136 1514 2177 alios
1535 2135 1688 2192 male&

31 2207 198 2256 sentire,
223 2206 328 2247 alios
351 2204 451 2245 nihil
474 2203 642 2244 omnino
666 2218 812 2244 curare
834 2201 1008 2251 videam,
1033 2202 1138 2243 alios
1160 2216 1307 2256 parum
1336 2206 1582 2243 constanter
1602 2201 1644 2242 in

32 2276 228 2327 suscepta
261 2286 408 2311 caussa
440 2283 698 2325 permanere,
729 2268 1068 2323 sententiamque
1100 2282 1220 2308 suam
1242 2281 1324 2307 non
1347 2262 1512 2322 semper
1533 2266 1644 2308 utili-

77 2402 200 2441 roxtra]
251 2401 401 2431 Faernus’
428 2402 640 2431 emendation.

689 2400 815 2430 Halm’s
861 2411 880 2430 a
896 2403 903 2417 ‘
918 2399 1114 2433 consularis.'
1131 2399 1192 2429 and
1214 2399 1254 2429 he
1270 2398 1348 2429 adds
1371 2399 1441 2429 that
1465 2399 1521 2429 the
1543 2397 1644 2437 suspi-

33 2445 130 2476 MSS.
160 2446 238 2474 have
266 2445 410 2474 ‘lios-tia)

457 2446 495 2475 A.
520 2445 571 2474 W.
596 2445 717 2484 Zumpt
743 2454 815 2484 pro-
861 2444 931 2473 cion
958 2444 1078 2483 applies
1103 2448 1136 2473 to
1160 2453 1201 2473 no
1229 2453 1302 2472 man
1330 2452 1364 2472 so
1387 2442 1457 2472 well
1483 2452 1516 2471 as
1541 2445 1573 2472 to
1601 2440 1642 2473 Q.

1221 1810 1407 1864 Magnus
1438 1814 1504 1851 est
1531 1809 1573 1850 in
1594 1824 1640 1851 re
1688 1859 1693 1866 ,

34 2488 131 2528 posed
164 2492 170 2504 ¹
189 2487 347 2523 ostiarus
381 2488 437 2517 but
469 2489 522 2517 the
553 2487 757 2518 emendation
785 2487 821 2517 of

36 2532 175 2561 Faernus
193 2532 218 2560 is
236 2531 371 2569 perhaps
388 2531 442 2560 the
459 2531 597 2562 genuine
613 2535 691 2560 text.

74 2574 249 2614 polelecil]
303 2574 425 2603 ilaim‘s
444 2574 550 2608 Mss..
575 2574 635 2603 and
657 2575 681 2603 it
704 2574 730 2603 is
746 2584 812 2603 cer-

36 2618 134 2656 tainly
162 2618 217 2647 the
248 2621 318 2646 true
348 2617 501 2653 reading;
527 2617 580 2646 the
607 2617 659 2646 old
686 2617 816 2655 reading

38 2665 45 2678 ‘
60 2661 194 2700 patescit
206 2661 213 2673 '
230 2661 256 2689 is
274 2659 343 2689 bad.
392 2659 455 2688 Yet
482 2660 640 2689 Ferrarius
656 2660 815 2698 approved

37 2705 72 2735 of
93 2705 126 2739 it,
144 2703 319 2743 captivated
338 2702 472 2741 perhaps
496 2702 535 2740 by
552 2703 592 2731 its
616 2704 719 2741 poetic
742 2703 816 2732 oha-

38 2752 148 2780 racter,
166 2748 213 2776 for
230 2746 306 2776 such
331 2746 370 2775 he
395 2745 576 2775 considered
604 2746 658 2774 the
676 2745 759 2774 word
784 2750 817 2775 to

39 2790 88 2820 be.
136 2790 246 2820 Cicero
269 2800 339 2828 says
363 2792 370 2805 ‘
385 2788 437 2818 All
465 2788 527 2817 this
552 2787 606 2816 the
626 2788 704 2817 facts
728 2789 818 2818 made

39 2833 287 2873 plain.'—‘f0ns
317 2830 513 2872 apcrietur:’
550 2831 716 2860 Manutius
749 2841 819 2870 says

39 2877 107 2906 that
126 2877 209 2906 what
225 2876 345 2906 follows
361 2875 463 2905 shows
479 2874 547 2903 that
563 2873 618 2903 the
635 2877 641 2889 ⁴
656 2873 742 2903 fons’
758 2884 820 2903 was

863 2487 971 2517 Fufius
998 2487 1146 2521 Calenus,
1180 2486 1227 2515 M.
1256 2485 1427 2516 Antonius’
1456 2484 1556 2515 friend
1581 2482 1644 2514 and

863 2533 1048 2570 procurator
1064 2535 1096 2559 at
1116 2530 1227 2559 Rome.

907 2573 1058 2612 Crassus]
1111 2573 1147 2602 L.
1167 2572 1309 2605 Crassus,
1326 2571 1381 2601 the
1398 2574 1487 2610 great
1502 2572 1617 2601 orator.

905 2618 934 2651 7.
955 2617 1138 2655 principem
1156 2625 1218 2645 ηοτι
1241 2614 1350 2653 int-ili]
1403 2614 1453 2644 He
1470 2623 1578 2644 means
1602 2621 1643 2642 no

863 2669 949 2689 more
973 2659 1050 2688 than
1068 2659 1151 2688 what
1168 2668 1214 2687 we
1238 2658 1296 2687 call
1320 2668 1338 2687 a
1362 2657 1487 2696 leading
1514 2666 1585 2686 man
1609 2655 1642 2684 in

862 2702 916 2732 the
941 2706 1031 2736 state,
1049 2712 1084 2731 or
1100 2702 1257 2730 whatever
1280 2711 1372 2729 name
1397 2710 1467 2739 may
1484 2700 1571 2739 aptly
1587 2698 1641 2728 de-

862 2749 936 2775 note
953 2755 971 2774 a
987 2755 1059 2774 man
1079 2745 1149 2774 who
1167 2745 1221 2773 has
1235 2744 1352 2781 weight
1367 2744 1399 2772 in
1416 2743 1524 2782 public
1538 2741 1642 2772 affairs

862 2788 998 2817 without
1014 2788 1144 2826 holding
1160 2797 1221 2826 any
1238 2787 1338 2816 office.

907 2832 988 2861 alios
1012 2832 1096 2860 male
1122 2831 1242 2859 sentire
1260 2851 1267 2859 .
1285 2851 1292 2859 .
1312 2852 1318 2859 .
1336 2827 1515 2867 moderari]
1563 2826 1641 2857 This

864 2874 890 2903 is
906 2884 925 2903 a
940 2873 1020 2913 good
1046 2873 1239 2913 description
1255 2872 1290 2903 of
1306 2872 1360 2902 the
1376 2870 1585 2911 composition
1607 2868 1644 2899 of
