1816 3211
137 176 219 220 476
318 173 495 217 ORAT.
531 168 1045 213 PHILIPPIGARUM
1080 166 1265 208 LIBER
1297 166 1552 209 PRIMUS.

197 289 306 341 Quid
342 288 471 343 igitur
505 287 586 328 hoe
607 300 693 335 vos,
732 299 806 339 per
837 284 937 323 deos
967 280 1237 329 immortales,
1261 280 1382 334 quale
1403 280 1459 322 sit
1486 295 1568 321 non
1599 279 1723 320 inter-

137 354 386 411 pretamini?
448 352 567 404 Quid,
593 365 663 391 eos
685 350 735 389 de
758 354 902 388 vestra
924 347 1008 387 vita
1037 345 1224 400 cogitare
1253 359 1336 384 non
1362 345 1552 395 censetis,
1575 345 1725 400 quibus

138 433 293 467 eorum,
312 433 416 473 quos
435 421 608 472 sperant
624 414 681 454 rei
696 412 883 468 publicae
902 410 1179 459 consulturos,
1199 409 1285 450 vita
1300 414 1387 450 tani
1402 424 1498 450 cara
1511 410 1588 451 sit}
1626 409 1725 463 Cepi

138 485 330 530 fruetunn
347 487 488 537 patres
510 478 747 532 conscripti,
772 476 1019 517 reversionis
1039 489 1168 523 meae,
1201 473 1396 528 quoniam
1413 479 1456 515 ot
1479 489 1528 515 ea
1549 475 1645 523 dixi,
1664 479 1723 523 ut,

138 549 385 604 quicumque
406 560 527 585 casus
549 547 798 584 consecutus
820 544 942 589 osset,
966 544 1155 580 exstaret
1177 539 1437 579 constantiae
1465 553 1580 579 meae
1608 538 1727 580 testi-

138 613 334 661 monium,
372 615 415 651 et
450 624 542 650 sum
576 623 602 648 a
643 607 761 648 vobis
801 605 978 660 benigne
1018 619 1068 644 ao
1109 603 1329 658 diligenter
1367 603 1551 644 auditus.
1612 604 1728 655 Quae

138 681 326 733 potestas
347 675 381 716 si
402 674 502 715 mihi
534 672 698 727 saepius
729 671 818 712 siue
850 685 942 710 meo
973 674 1196 723 vestroque
1228 667 1412 723 periculo
1433 668 1518 718 fiet,
1542 672 1659 708 utar:
1693 667 1728 708 si

138 743 286 791 minus,
309 745 511 795 quantum
538 743 698 793 potero,
720 750 803 777 non
830 740 918 776 tam
942 733 1043 774 mihi
1063 748 1129 773 me
1151 747 1274 788 quam
1297 732 1355 773 rei
1376 732 1566 787 publicae
1598 746 1729 781 resen-

138 806 257 848 vabo.
321 803 429 844 Mihi
453 804 538 844 fere
561 802 665 843 satis
685 806 749 842 est
769 801 879 855 quod
900 799 983 840 vixi
1004 799 1068 839 vel
1088 798 1140 838 ad
1161 802 1347 838 aetatem
1369 797 1432 838 vel
1453 797 1507 838 ad
1527 797 1725 852 gloriam:

139 871 220 911 hue
251 869 286 910 si
317 868 416 924 quid
436 857 672 916 accesserit,
704 880 787 906 non
814 870 903 906 tam
930 863 1029 904 mihi
1059 877 1184 918 quam
1214 861 1331 904 vobis
1365 862 1507 917 reique
1540 862 1730 917 publicae

141 942 377 977 accesserit.

185 1052 248 1072 non
270 1039 544 1079 interpretamini]
593 1037 771 1068 Addressed
795 1039 828 1067 to
850 1035 916 1066 An·
961 1035 1016 1065 the
1038 1035 1114 1064 lives
1138 1034 1173 1064 of
1192 1034 1282 1064 those
1298 1033 1400 1063 whom
1424 1033 1499 1073 they
1515 1037 1626 1073 expect
1642 1036 1674 1063 to
1691 1033 1731 1063 do

142 1085 249 1116 tonius
266 1084 326 1114 and
345 1082 525 1113 Dolabella:
554 1085 560 1098 ‘
577 1081 676 1111 Don’t
692 1091 753 1120 you
770 1090 820 1110 see
832 1080 918 1109 what
961 1078 1078 1108 service
1091 1081 1123 1107 to
1140 1078 1194 1107 the
1207 1077 1293 1106 State
1308 1077 1330 1106 ?'
1365 1077 1442 1106 This
1456 1087 1563 1107 means
1578 1089 1584 1106 :
1604 1081 1611 1093 ‘
1626 1077 1730 1106 When

143 1129 205 1159 this
221 1137 326 1156 means
341 1126 418 1156 ?’-‘
433 1135 496 1154 non
513 1125 645 1154 censetis
657 1124 676 1153 :'
694 1124 733 1153 V.
774 1123 914 1152 ‘Whaw
959 1122 1013 1151 the
1038 1121 1149 1159 people
1173 1120 1258 1149 show
1275 1120 1358 1149 their
1380 1120 1528 1149 affection
1544 1124 1577 1149 to
1597 1120 1731 1155 Hirtius,

143 1171 233 1201 don't
257 1180 318 1209 you
341 1178 477 1207 suppose
494 1168 563 1197 thut
585 1167 695 1206 people
711 1166 803 1195 think
819 1165 916 1194 about
960 1163 1051 1193 don't
1066 1173 1128 1202 you
1144 1172 1195 1192 see
1212 1163 1281 1192 that
1305 1163 1380 1202 they
1396 1171 1523 1201 express
1545 1162 1626 1192 their
1646 1173 1731 1192 aver-

143 1224 223 1254 your
238 1223 304 1252 way
320 1212 354 1241 of
365 1212 471 1250 living,
489 1210 578 1240 when
601 1210 676 1249 they
691 1209 766 1238 hold
788 1217 822 1237 so
841 1208 915 1238 dear
960 1207 1027 1236 sion
1044 1209 1076 1236 to
1093 1215 1155 1245 you
1167 1205 1189 1234 ?’
