1816 3211
695 228 828 271 OAP.
861 231 898 280 1,
923 230 962 270 2.
1548 235 1628 275 325

33 357 174 385 verum
206 341 334 384 etiam
363 341 574 385 silentium
603 341 863 397 pollicentur.
926 341 1105 398 Reliqua
1134 357 1229 385 vero
1257 344 1498 396 multitudo,
1521 360 1627 401 quae

32 408 200 463 quidem
228 413 295 449 est
326 408 487 458 civium,
518 412 610 449 tota
640 412 786 448 nostra
813 412 907 455 est;
942 423 1078 463 neque
1100 423 1243 450 eorum
1266 410 1498 466 quisquam,
1523 424 1629 465 quos

30 473 212 528 undique
247 474 472 524 intuentes,
510 474 621 515 unde
654 473 792 529 aliqua
828 474 906 514 fori
937 489 1034 529 pars
1066 475 1199 531 aspici
1231 482 1388 531 potest,
1426 482 1470 518 et
1502 477 1629 531 hujus

30 539 191 580 exitum
226 538 373 593 judicii
424 543 718 593 exspectantes
765 537 925 588 videtis,
968 554 1051 580 non
1098 555 1224 595 quum
1263 541 1410 583 virtuti
1453 541 1629 583 Milonis

28 603 153 654 favet,
184 609 275 645 tum
303 604 354 644 de
382 618 438 653 se,
472 604 523 645 de
554 603 697 644 liberis
728 603 825 653 suis,
861 604 912 644 de
944 604 1095 659 patria,
1129 605 1180 646 de
1213 606 1394 648 fortunis
1425 607 1626 648 hodierno

29 668 95 709 die
122 669 328 710 decertari
356 674 494 724 putat.
557 668 618 709 ΙΙ.
652 668 798 709 Unum
827 683 961 724 genus
994 674 1058 710 est
1089 670 1311 712 adversum
1342 672 1625 727 infestumque

28 734 148 774 nobis
169 749 324 785 eorum,
350 749 455 789 quos
488 734 538 774 P.
571 733 704 775 Clodii
736 733 850 774 furor
881 734 1039 789 rapinis
1067 740 1111 777 et
1142 735 1345 778 incendiis
1368 744 1411 778 et
1433 737 1626 778 omnibus

28 799 169 840 exitiis
190 799 368 854 publicis
398 799 526 854 pavit,
550 799 618 854 qui
646 800 843 840 hesterna
875 799 1003 841 etiam
1033 801 1227 843 contione
1255 802 1421 844 incitati
1449 808 1550 845 sunt
1576 808 1626 845 ut

27 864 144 905 vobis
164 879 264 906 voce
285 865 496 920 praeirent
517 865 616 919 quid
641 863 903 919 judicaretis
967 864 1153 916 Quorum
1175 867 1342 917 clamor,
1367 870 1402 910 si
1425 868 1494 923 qui
1515 868 1623 909 forte

27 929 166 980 fuerit,
189 930 413 971 admonere
444 944 518 970 vos
549 929 730 979 debebit,
761 934 809 970 ut
838 943 932 970 eum
963 929 1096 970 civem
1115 931 1345 981 retineatis,
1370 933 1440 988 qui
1461 947 1625 987 semper

26 1009 160 1050 genus
200 996 300 1036 illud
339 995 552 1036 hominum
594 996 877 1050 clamoresque
922 996 1126 1037 maximos
1165 1011 1266 1052 prae
1306 1003 1448 1039 vestra
1487 998 1623 1039 salute

26 1060 220 1114 neglexit.
296 1061 579 1113 Quamobrem
630 1061 776 1101 adeste
828 1060 989 1110 animis,
1038 1061 1213 1116 judices,
1267 1068 1310 1104 et
1350 1063 1543 1104 timorem
1585 1063 1620 1104 si

26 1140 150 1180 quem
184 1126 350 1166 habetis
386 1125 596 1181 deponite.
661 1125 770 1166 Nam
806 1125 841 1167 si
880 1140 1078 1181 umquam
1118 1127 1169 1168 de
1201 1128 1322 1169 bonis
1364 1134 1407 1171 et
1442 1129 1622 1170 fortibus

25 1190 135 1240 viris,
158 1191 193 1232 si
217 1205 416 1246 umquam
437 1191 488 1231 de
510 1191 615 1232 bene
638 1191 800 1232 meritis
822 1191 980 1232 civibus
1007 1197 1199 1247 potestas
1224 1193 1381 1249 [vobis]
1401 1194 1621 1249 judicandi

25 1255 118 1303 fuit,
152 1255 187 1296 si
220 1256 396 1310 denique
436 1270 636 1310 umquam
676 1256 793 1297 locus
833 1255 1187 1310 amplissimorum
1220 1258 1412 1299 ordinum
1448 1258 1621 1300 delectis

25 1320 124 1361 viris
146 1321 270 1361 datus
292 1326 369 1370 est,
393 1326 441 1362 ut
462 1336 537 1361 sua
558 1321 699 1362 studia
720 1335 819 1375 erga
839 1321 970 1362 fortes
1001 1328 1044 1363 et
1075 1323 1207 1363 bonos
1229 1323 1350 1374 cives,
1376 1339 1482 1378 quae
1503 1325 1621 1365 vultu

26 1390 70 1426 et
90 1385 227 1427 verbis
248 1400 372 1440 saepe
394 1385 713 1439 significassent,
738 1400 782 1426 re
814 1390 858 1426 et
887 1386 1107 1427 sententiis
1129 1387 1401 1438 declararent,
1426 1389 1504 1430 hoc
1526 1403 1620 1444 pro-

25 1451 137 1492 fecto
171 1457 360 1506 tempore
397 1465 488 1491 eam
529 1454 785 1505 potestatem
821 1464 985 1491 omnem
1018 1465 1092 1492 vos
1126 1451 1304 1501 habetis,
1340 1458 1389 1495 ut
1420 1454 1620 1495 statuatis

25 1521 167 1557 utrum
202 1530 290 1565 nos,
325 1515 395 1570 qui
427 1530 592 1570 semper
623 1520 787 1556 vestrae
821 1515 1066 1557 auctoritati
1099 1516 1229 1557 dediti
1261 1517 1425 1567 fuimus,
1457 1533 1622 1574 semper

23 1581 165 1622 miseri
186 1581 414 1636 lugeamus,
437 1595 490 1621 an
513 1580 583 1621 diu
604 1580 742 1621 vexati
763 1595 788 1620 a
809 1581 1102 1635 perditissimis
1124 1581 1282 1623 civibus
1302 1583 1525 1638 aliquando
1547 1599 1621 1639 per

23 1661 97 1687 vos
117 1660 166 1687 ac
187 1660 260 1700 per
286 1650 468 1686 vestram
490 1645 614 1685 fidem
637 1645 837 1686 virtutem
858 1646 1189 1701 sapientiamque
1210 1662 1459 1689 recreemur.
1511 1649 1621 1702 Quid

23 1710 132 1751 enim
173 1709 293 1751 nobis
333 1710 507 1760 duobus,
546 1710 724 1765 judices,
767 1710 1027 1760 laboriosius,
1070 1710 1170 1766 quid
1209 1713 1344 1767 magis
1384 1714 1616 1765 sollicitum,

22 1775 158 1831 magis
179 1775 422 1835 exercitum,
447 1775 528 1816 dici
549 1782 624 1816 aut
645 1775 746 1831 fingi
768 1780 923 1830 potest,
947 1775 1015 1830 qui
1037 1790 1112 1830 spe
1133 1777 1481 1832 amplissimorum
1503 1773 1816 1834 prae-‘iamim

21 1841 202 1882 miorum
221 1841 275 1881 ad
296 1855 383 1881 rem
404 1840 615 1896 publicam
645 1840 816 1881 adducti
847 1844 962 1881 metu
995 1841 1377 1884 crudelissimorum
1398 1844 1618 1885 exitiorum

23 1921 165 1948 carere
185 1921 268 1946 non
289 1906 536 1961 possumus?
598 1905 805 1960 Equidem
836 1911 1000 1947 ceteras
1031 1912 1311 1961 tempestates
1342 1914 1386 1950 et
1417 1910 1619 1964 procellas

21 1971 63 2012 in
97 1971 176 2012 illis
209 1971 431 2012 dumtaxat
462 1970 660 2013 fluctibus
693 1970 936 2012 contionum
970 1985 1134 2027 semper
1167 1973 1311 2027 putavi
1346 1974 1497 2015 Miloni
1528 1990 1620 2016 esse

22 2036 272 2084 subeundas,
306 2036 416 2090 quod
449 2050 614 2091 semper
645 2050 720 2090 pro
754 2035 874 2076 bonis
902 2041 1052 2077 contra
1079 2032 1294 2092 impl-”cibos
1327 2044 1542 2087 senserat;
1578 2040 1620 2081 in

18 2099 177 2155 judicio
197 2113 296 2140 vero
317 2105 360 2140 et
381 2099 423 2139 in
445 2114 492 2140 eo
515 2100 697 2150 consilio,
713 2099 754 2140 in
776 2114 857 2155 quo
879 2115 931 2141 ex
953 2100 1116 2142 cunctis
1138 2102 1353 2144 ordinibus
1373 2104 1617 2159 amplissimi

23 2164 100 2205 viri
134 2164 383 2219 judicarent,
420 2179 645 2219 numquam
685 2164 919 2206 existimavi
960 2179 1076 2220 spem
1108 2167 1234 2208 ullam
1275 2182 1364 2210 esse
1400 2169 1620 2210 habituros

27 2229 199 2271 Milonis
231 2228 418 2270 inimicos
451 2229 505 2269 ad
542 2229 632 2283 ejus
664 2243 748 2270 non
779 2231 904 2271 modo
935 2231 1116 2273 salutem
1147 2233 1511 2289 exstinguendam,
1542 2236 1616 2276 sed

67 2362 97 2390 2.
127 2360 230 2390 Unum
244 2369 344 2398 qenus
364 2383 371 2390 .
394 2382 401 2389 .
424 2360 548 2400 eorum]
598 2363 616 2377 ‘¹
628 2360 696 2390 The
711 2361 798 2400 geni·
844 2365 851 2378 ⁴
865 2361 960 2392 verba
975 2363 1118 2402 praeire‚'
1136 2367 1144 2381 ‘
1155 2364 1258 2395 verbis
1274 2364 1416 2405 praeire,'
1427 2366 1489 2396 and
1507 2370 1514 2382 ⁴
1526 2376 1617 2406 prae-

23 2403 87 2433 tive
102 2402 138 2433 of
159 2402 213 2431 the
235 2412 344 2432 nearer
367 2402 540 2440 definition,
557 2403 660 2433 where
676 2413 721 2433 we
742 2414 797 2434 nse
842 2404 900 2434 ire'
917 2405 1020 2435 alone.

24 2446 136 2485 simple
173 2444 377 2484 apposition’'
403 2444 543 2485 (Halm).
603 2447 632 2476 A
662 2447 794 2476 transla-
882 2448 985 2486 vobis]
1034 2448 1065 2479 It
1081 2459 1188 2480 means
1204 2450 1259 2480 the
1274 2461 1360 2481 same
1376 2461 1410 2481 as
1427 2455 1434 2468 ⁴
1447 2452 1517 2482 ullis
1530 2453 1614 2491 judi-

23 2489 90 2519 tion
107 2488 169 2517 will
186 2488 276 2517 make
293 2488 346 2518 the
367 2488 490 2518 remark
513 2489 647 2519 clearer:
674 2492 681 2506 ‘
692 2490 794 2520 There
839 2490 955 2527 cibus3'
972 2491 1020 2521 for
1031 2492 1084 2521 the
1098 2493 1252 2531 ‘judiees’
1264 2495 1423 2534 generally
1434 2505 1485 2524 are
1497 2500 1612 2531 meant,

23 2532 50 2562 is
65 2541 125 2562 one
138 2531 217 2561 class
229 2531 330 2560 which
344 2531 370 2560 is
380 2531 517 2570 opposed
527 2535 560 2561 to
576 2542 613 2562 us
629 2533 690 2562 and
701 2533 727 2562 is
737 2543 796 2562 our
840 2537 896 2563 not
912 2534 1112 2574 particularly
1129 2535 1219 2566 those
1234 2537 1305 2566 who
1324 2537 1400 2567 then
1423 2538 1543 2568 formed
1561 2539 1614 2569 the

23 2584 147 2613 enemy,
159 2584 178 2603 a
193 2574 272 2603 class
287 2574 460 2613 consisting
474 2574 508 2604 of
521 2575 613 2605 those
629 2575 793 2616 (eorum).’
842 2576 1041 2607 ‘consilium'
1081 2578 1221 2619 (Halm).
1276 2580 1364 2610 Bake
1391 2591 1540 2620 proposes
1582 2586 1614 2611 to

23 2620 76 2639 -‘
89 2617 190 2647 exitiis
228 2616 391 2655 publicisz¹
438 2617 563 2657 nobody
601 2628 658 2648 can
696 2618 797 2648 doubt
841 2629 926 2648 erase
954 2619 1191 2652 ‘vol)is.'—‘ut
1221 2622 1309 2652 suax'
1334 2623 1409 2653 ‘ubi
1435 2624 1512 2653 sua'
1537 2624 1614 2654 S.—

22 2660 93 2690 that
109 2660 148 2689 he
169 2669 275 2688 means
292 2663 299 2675 ⁴
311 2663 376 2689 acta
392 2659 493 2688 which
518 2660 608 2700 bring
629 2661 684 2691 the
709 2661 796 2691 State
842 2663 1126 2701 ‘amplissimorum
1145 2686 1152 2694 .
1171 2687 1178 2694 .
1197 2687 1204 2694 .
1221 2665 1294 2695 viris
1309 2666 1328 2695 :'
1365 2666 1418 2696 the
1454 2667 1593 2705 ‘judiees
1606 2666 1612 2678 ’

22 2707 56 2734 to
72 2703 142 2733 ruin
155 2702 173 2739 ;'
198 2702 255 2732 but
271 2701 296 2731 if
318 2712 363 2732 we
379 2702 440 2731 had
456 2705 513 2732 not
529 2703 665 2734 Cicero's
681 2704 793 2734 autho·
839 2705 973 2735 selected
991 2706 1069 2736 from
1084 2707 1137 2737 the
1153 2707 1241 2738 three
1259 2709 1425 2739 ‘ordines'

21 2747 85 2786 rity
115 2746 164 2776 for
193 2745 270 2775 such
299 2754 340 2774 an
377 2745 568 2784 expression,
600 2756 645 2776 we
681 2747 794 2777 should
885 2749 1043 2787 Equidem
1076 2772 1083 2779 .
1115 2772 1123 2780 .
1153 2751 1349 2791 subeundas]
1410 2752 1535 2785 Quoted
1572 2752 1612 2790 by

22 2789 134 2828 hardly
163 2792 272 2827 accept
303 2788 327 2817 it
357 2787 437 2817 from
475 2788 608 2818 another
637 2790 794 2820 writer.-—
840 2790 1027 2826 Quintilian.
1055 2792 1117 2822 viii.
1145 2794 1175 2828 6,
1204 2795 1254 2828 48,
1283 2795 1345 2824 and
1368 2795 1543 2834 ‘Equidem
1569 2817 1576 2823 .
1605 2816 1611 2823 .

23 2831 225 2862 ‘contione:'
264 2831 301 2861 T.
328 2831 365 2861 E.
424 2830 437 2860 Ι
469 2830 547 2861 have
577 2831 700 2861 noticed
732 2832 795 2863 this
839 2834 1046 2871 contionum,’
1062 2836 1179 2875 quoted
1205 2836 1245 2876 by
1261 2838 1397 2873 Servius,
1415 2838 1463 2867 Ad
1480 2836 1610 2866 Acin-id.

22 2875 158 2913 genuine
183 2874 396 2914 orthography
423 2873 540 2904 before.
587 2874 646 2904 See
671 2875 742 2905 Vol.
769 2875 790 2905 i.
836 2876 856 2906 i.
877 2877 947 2907 152.

23 2916 134 2954 Index,
151 2916 276 2948 Contio.
880 2929 942 2950 non
974 2920 1065 2951 modo
1084 2943 1091 2951 .
1110 2943 1117 2951 .
1133 2922 1190 2952 sed
1219 2922 1332 2961 etiam]
1385 2921 1477 2951 Halm
1509 2924 1606 2949 trans-

63 2969 138 2991 voce
168 2961 354 3000 praeirent]
423 2958 492 2989 The
538 2959 678 2990 Romans
715 2960 792 2997 said,
838 2961 916 2992 lates
944 2963 1020 2994 ‘sed
1035 2963 1148 2994 etiam'
1176 2964 1217 3004 by
1243 2965 1398 2995 ‘sondern
1422 2962 1501 2993 auch
1527 2960 1608 2996 nur‚'
