1816 3211
126 205 208 243 244
542 201 718 243 ORAT.
754 201 873 242 PRO
906 201 996 242 CN.
1031 199 1300 241 PLANCIO

123 315 276 361 fuerit3
311 318 359 355 ut
394 319 541 369 postea
561 315 755 369 princeps
785 314 893 354 inter
918 326 1030 361 suos,
1051 310 1322 366 plurimarum
1342 326 1479 352 rerum
1501 311 1715 353 sanctissi-

123 395 217 421 mus
238 385 281 421 et
298 380 554 434 justissimus
577 380 722 433 judex,
754 377 1030 417 maximarum
1061 376 1310 417 societatum
1340 381 1499 424 auctor,
1522 377 1714 432 plurima-

123 461 216 486 rum
237 445 468 499 1nagister3
504 444 538 483 si
570 457 652 482 non
679 442 802 481 modo
829 441 870 480 in
892 455 941 481 eo
965 441 1067 480 nihil
1094 456 1291 495 umquam
1312 441 1617 495 reprehensum,
1641 442 1715 482 sed

124 509 296 549 laudata
327 512 425 548 sunt
462 506 611 554 omnia,
634 511 777 546 tamen
806 505 841 545 is
875 505 1011 546 oberit
1043 506 1338 546 honestissimo
1370 505 1454 545 filio
1488 511 1621 559 pater,
1646 506 1716 560 qui

123 574 187 614 vel
208 572 344 612 minus
373 572 595 611 honestum
625 574 669 610 et
690 569 870 610 alienum
897 569 1006 610 tueri
1033 570 1097 610 vel
1127 570 1381 610 auctoritate
1402 584 1478 610 sua
1498 570 1560 609 vel
1581 571 1717 623 gratia

125 637 261 692 possit
288 635 580 689 Z—Asperius,
618 634 768 688 inquit,
798 634 963 674 locutus
998 639 1063 675 est
1097 634 1252 688 aliquid
1282 634 1715 688 aliquando.—Immo

124 701 304 742 fortasse
340 699 521 740 liberius.
584 699 647 740 At
682 699 724 739 id
752 699 900 754 ipsum,
932 698 1077 753 inquit,
1102 714 1184 740 non
1212 703 1277 739 est
1307 699 1714 755 ferendun1.—Ergo

123 765 166 804 hi
201 764 362 805 ferendi
395 768 505 813 sunt,
530 763 600 818 qui
635 764 715 804 hoc
748 768 981 818 queruntur
1012 763 1250 804 libertatem
1281 764 1434 819 equitis
1463 764 1640 805 Romani
1670 780 1715 819 se

124 830 233 870 ferre
254 844 338 869 non
359 830 509 883 posse?
571 828 757 868 Ubinam
785 827 852 868 ille
881 842 982 877 mos,
1007 828 1078 868 ubi
1108 828 1178 868 illa
1208 829 1396 883 aequitas
1412 829 1530 882 juris,
1555 829 1624 869 ubi
1646 829 1715 869 illa

123 893 297 948 antiqua
318 893 502 941 libertas,
537 907 642 947 quae
663 892 783 932 malis
815 906 1013 946 oppressa
1035 892 1223 934 civilibus
1254 893 1454 933 extollere
1480 893 1568 947 jam
1589 899 1715 948 caput

125 963 167 999 et
199 957 421 1012 aliquando
453 962 643 997 recreata
673 971 716 997 se
748 956 909 1010 erigere
941 957 1148 998 debebat?
1216 957 1421 1012 Equitum
1452 973 1529 1012 ego
1561 958 1714 998 Roma-

123 1036 270 1061 norum
292 1021 334 1061 in
356 1021 545 1061 homines
566 1020 846 1061 nobilissimos
868 1020 1101 1071 maledicta,
1125 1022 1439 1075 publicanorum
1460 1022 1500 1061 in
1524 1022 1573 1073 Q.
1592 1022 1714 1062 Scae-

122 1087 271 1133 volam,
307 1086 441 1125 virum
476 1085 666 1125 omnibus
699 1085 878 1140 ingenio,
912 1085 1091 1138 justitia,
1130 1086 1375 1141 integritate
1415 1092 1711 1141 praestantem,

123 1165 270 1204 aspere
301 1155 344 1190 et
378 1149 572 1190 ferociter
602 1155 646 1190 et
672 1149 799 1189 libere
828 1149 941 1189 dicta
969 1152 1315 1191 commemorem?
1377 1150 1512 1191 XIV.
1545 1151 1714 1191 Gonsuli

125 1214 176 1256 P.
201 1214 379 1254 Nasicae
401 1228 550 1268 praeco
583 1213 764 1253 Granius
785 1213 920 1253 medio
942 1213 984 1252 in
1016 1214 1117 1263 foro,
1143 1228 1270 1267 quum
1301 1214 1367 1254 ille
1388 1215 1527 1256 edicto
1545 1215 1714 1268 justitio

946 1342 1034 1369 ment
1061 1340 1097 1370 of
1123 1340 1199 1370 Asia
1228 1339 1390 1379 protected
1422 1339 1477 1370 the
1507 1339 1716 1370 Provinciales

944 1383 1067 1421 against
1082 1383 1137 1412 the
1153 1383 1313 1413 exactions
1330 1383 1365 1412 of
1384 1383 1438 1412 the
1455 1383 1627 1418 Publicani,
1645 1383 1715 1412 who

943 1426 1083 1464 avenged
1107 1426 1296 1455 themselves
1321 1425 1361 1465 by
1377 1426 1544 1465 procuring
1562 1425 1616 1454 the
1640 1435 1715 1455 con-

169 1343 336 1380 Asperius,
361 1341 481 1380 inquit]
531 1343 550 1357 ‘⁴
567 1340 661 1374 Quod
707 1343 812 1369 autem
862 1340 900 1369 de

126 1387 216 1424 patre
242 1384 326 1419 dicit,
352 1384 422 1413 illut
444 1387 512 1419 est;
539 1393 610 1413 cum
639 1383 786 1422 princeps
820 1387 901 1412 esset

128 1427 370 1466 publicanorum
387 1426 445 1457 Cn.
464 1426 581 1455 Plancii
604 1430 702 1464 pater,
720 1429 752 1455 et
771 1425 901 1455 societas

128 1470 237 1500 eadem
254 1470 286 1498 in
303 1469 483 1498 exercendis
498 1468 702 1507 vectigalibus
718 1468 900 1506 gravissimo

126 1513 242 1541 damno
269 1512 427 1541 videretur
456 1511 588 1547 adfecta,
617 1511 828 1540 desideratum
853 1514 900 1540 est

125 1554 159 1584 in
175 1557 286 1584 senatu
303 1554 430 1583 nomine
446 1554 685 1592 publicanorum
708 1556 744 1582 ut
767 1563 838 1582 cum
863 1553 900 1582 iis

124 1598 204 1626 ratio
228 1600 391 1636 putaretur
413 1597 480 1635 lege
510 1596 705 1635 Sempronia,
730 1598 762 1624 et
788 1596 898 1625 remis-

126 1640 222 1669 sionis
253 1643 378 1668 tantum
409 1639 499 1668 fieret
535 1639 574 1668 de
605 1648 729 1668 summa
766 1638 899 1676 pecunia

125 1685 278 1721 quantum
309 1681 449 1720 aequitas
480 1681 664 1720 postularet,
703 1690 759 1719 pro
798 1690 897 1719 quan-

123 1725 214 1754 titate
230 1724 416 1753 damnorum
441 1723 555 1763 quibus
578 1724 703 1753 fuerant
725 1723 830 1752 hostili
850 1723 898 1752 in-

125 1767 268 1796 cursione
311 1766 424 1795 vexati.
485 1766 597 1796 Adfuit
642 1766 737 1803 igitur
784 1765 898 1794 Caesar

125 1818 235 1838 causae
265 1808 515 1847 publicanorum.
573 1808 714 1838 Caesaris
737 1807 897 1836 desideriis

126 1851 318 1880 contradixit
347 1860 404 1888 pro
435 1851 541 1889 vigore
578 1850 710 1879 duritiae
742 1859 817 1878 suae
847 1849 894 1878 M.

125 1894 217 1929 Cato,
242 1896 274 1922 et
301 1893 383 1922 diem
410 1896 512 1922 totum
544 1893 722 1930 prolixitate
747 1891 895 1920 orationis

125 1945 199 1965 suae
225 1935 388 1974 occupavit
412 1938 447 1964 ut
467 1937 593 1964 senatus
614 1933 800 1963 decernendi
825 1943 894 1972 spa-

124 1978 205 2007 tium
235 1987 300 2007 non
330 1977 469 2007 haberet.
517 1977 559 2006 Et
596 1977 627 2006 id
666 1980 791 2015 tempus
822 1978 895 2014 ergo

125 2020 305 2050 Laterensis
329 2020 531 2049 denotaverat
553 2019 741 2048 invidiosum
768 2019 895 2048 Plancio

124 2072 192 2093 esse
205 2063 349 2092 debuisse
359 2063 527 2101 quominus
540 2063 629 2091 fieret
644 2061 761 2096 aedilis,
770 2062 894 2100 quando

123 2109 214 2145 pater
244 2106 312 2144 ejus
351 2105 501 2144 quaedam
534 2104 661 2133 liberius
692 2106 724 2132 et
759 2104 895 2133 exertius

123 2148 272 2177 adversus
311 2147 464 2186 quosdam
506 2147 658 2186 primores
700 2150 825 2175 senatus
862 2147 894 2175 in

122 2190 363 2229 publicanorum
384 2189 571 2227 allegatione
591 2188 753 2217 dixisset.'‘
773 2187 892 2227 (Schol.

122 2232 284 2270 Ambros.)
317 2232 355 2261 In
366 2232 420 2261 the
432 2231 564 2261 Verrine
575 2231 711 2259 orations
725 2231 771 2267 (ii.
783 2232 813 2266 3,
825 2240 850 2259 c.
859 2232 892 2269 6)

122 2275 212 2304 there
235 2275 260 2303 is
276 2284 315 2303 an
331 2274 465 2303 allusion
484 2277 517 2302 to
533 2273 588 2302 the
615 2273 681 2302 Lex
710 2273 894 2311 Sempronia

121 2316 223 2345 under
233 2316 333 2345 which
344 2316 398 2345 the
409 2325 534 2345 censors
544 2315 586 2344 let
597 2316 651 2344 the
663 2318 749 2344 taxes
760 2315 794 2344 of
802 2316 891 2344 Asia:

123 2361 143 2375 “
155 2361 210 2387 aut
222 2358 362 2387 censoria
374 2358 485 2387 locatio
499 2358 668 2387 constituta
680 2364 738 2392 est,
752 2361 788 2386 ut
800 2358 893 2387 Asiae

120 2400 189 2439 lege
215 2400 434 2439 Sempronia.'’
480 2400 548 2429 The
575 2410 699 2429 censors
725 2400 826 2437 might
850 2400 893 2429 let

121 2443 178 2472 the
201 2445 289 2471 taxes
315 2442 416 2471 under
440 2442 494 2471 the
521 2442 585 2471 Lex
615 2442 809 2481 Sempronia,
835 2442 893 2471 but

120 2485 176 2514 the
192 2487 357 2523 payments
373 2484 408 2513 of
419 2485 474 2513 the
490 2484 651 2514 Publicani
667 2485 768 2514 would
789 2485 827 2514 be
842 2494 892 2514 30-

121 2527 250 2564 cording
268 2530 301 2555 to
325 2526 379 2555 the
402 2526 466 2555 Lex
485 2526 644 2562 censoria,
662 2537 697 2556 or
718 2527 772 2556 the
795 2531 892 2556 ternis

120 2569 204 2598 fixed
234 2569 267 2597 in
296 2568 378 2598 their
407 2573 547 2598 conti-act
575 2569 651 2598 with
682 2569 736 2598 the
767 2579 891 2598 censors

120 2611 188 2649 (De
213 2611 303 2639 Prov.
332 2610 426 2640 Cons.
452 2620 477 2640 0.
506 2610 551 2649 5).
597 2611 673 2640 This
703 2611 766 2640 loss
789 2611 890 2640 which

119 2653 175 2683 the
220 2653 382 2682 Publicani
430 2652 491 2681 had
529 2653 687 2682 sustaiued
724 2653 890 2691 happened

120 2695 326 2734 ‘praesertim
358 2694 440 2724 bello
471 2695 706 2725 Mithridatico'
735 2695 812 2735 (Dio
837 2698 889 2730 38,

118 2747 146 2767 0.
173 2737 220 2775 7),
245 2747 315 2776 says
346 2736 423 2772 Mai,
458 2736 515 2766 but
555 2747 605 2766 see
637 2738 690 2767 the
725 2740 817 2767 notes
855 2740 888 2766 to

118 2789 145 2809 c.
167 2781 215 2809 14.

161 2822 221 2851 hoc
247 2820 441 2859 queruntur]
490 2820 633 2850 Wunder
667 2825 740 2860 puts
778 2821 886 2860 [liber-

117 2866 215 2894 tatem
247 2863 361 2902 equitis
387 2863 538 2899 Romani]
573 2863 767 2896 thus.—‘Q.
795 2864 886 2893 Scae-

116 2906 218 2936 volam
232 2904 252 2935 :⁹
277 2905 331 2936 the
346 2907 433 2944 great
445 2905 550 2944 jurist,
567 2905 679 2943 during
690 2905 738 2935 his
754 2915 885 2944 govern-

943 1468 1060 1498 viction
1081 1468 1116 1498 of
1138 1469 1186 1498 his
1211 1471 1368 1508 quaestor,
1391 1469 1424 1498 P.
1439 1469 1578 1498 Rutilius
1601 1467 1714 1503 Rufus,

942 1511 1043 1540 under
1085 1511 1140 1540 the
1181 1511 1247 1540 Lex
1281 1511 1465 1550 Sempronia
1507 1510 1713 1550 (Manutius).

944 1552 1002 1582 See
1024 1554 1084 1583 Pro
1109 1554 1156 1583 M.
1176 1553 1321 1589 Fontem,
1343 1564 1369 1582 c.
1399 1555 1436 1588 17
1461 1553 1523 1582 aud
1547 1553 1603 1582 the
1628 1556 1714 1588 note,

941 1595 1013 1625 Vol.
1044 1596 1088 1632 ii„
1128 1596 1191 1625 and
1219 1596 1271 1625 Ad
1301 1596 1374 1625 Div.
1404 1596 1425 1624 i.
1458 1598 1488 1625 9.
1520 1596 1581 1624 26:
1623 1595 1714 1624 “scis

942 1648 1034 1676 quam
1052 1639 1187 1676 graviter
1206 1637 1323 1667 inimici
1346 1637 1407 1676 ipsi
1426 1637 1471 1666 illi
1489 1637 1528 1670 Q.
1547 1637 1714 1667 Scaevolae

940 1680 1094 1709 fuerint.’'

986 1723 1034 1752 14.
1060 1723 1162 1752 edicto
1184 1722 1333 1760 justitio]
1387 1721 1464 1751 This
1491 1724 1577 1760 story
1602 1722 1629 1751 is
1659 1732 1713 1751 ex-

939 1764 1063 1803 plained
1092 1764 1134 1803 by
1170 1765 1224 1793 1110
1262 1764 1366 1794 Schol.
1405 1764 1551 1794 Ambros.
1598 1764 1714 1794 Nasica

938 1806 998 1835 had
1023 1807 1113 1845 given
1130 1807 1232 1836 notice
1247 1807 1282 1836 of
1301 1817 1319 1836 a
1336 1806 1534 1844 ‘justitium,'
1552 1806 1606 1836 the
1622 1807 1713 1836 effect

939 1848 975 1878 of
987 1849 1088 1878 which
1104 1859 1166 1878 was
1182 1852 1214 1878 to
1231 1852 1301 1888 stop
1322 1849 1364 1878 all
1387 1849 1533 1888 ordinary
1555 1849 1710 1886 business,

938 1891 999 1920 and
1017 1892 1162 1924 Granius,
1179 1891 1248 1920 who
1276 1901 1336 1920 was
1361 1902 1379 1921 a
1401 1892 1479 1922 crier
1502 1894 1536 1921 at
1557 1892 1710 1928 auctions,

937 1934 1040 1963 would
1066 1934 1131 1963 lose
1155 1934 1333 1972 something
1358 1934 1400 1973 by
1430 1935 1484 1964 the
1512 1934 1710 1973 ‘justitium.'

939 1976 1072 2006 Granius
1088 1977 1206 2015 replied
1222 1979 1255 2006 to
1271 1977 1414 2006 Nasica's
1435 1977 1600 2016 question:
1627 1980 1634 1993 ⁴
1646 1977 1710 2011 No,

940 2018 954 2047 Ι
976 2029 1027 2048 3111
1043 2019 1141 2048 vexed
1165 2019 1296 2049 because
1319 2019 1373 2049 the
1396 2020 1564 2049 embassies
1585 2029 1638 2049 are
1653 2022 1711 2058 put

937 2061 984 2091 off
993 2061 1013 2090 ι’
1039 2064 1057 2078 “
1071 2062 1172 2091 voluit
1187 2065 1293 2091 autem
1316 2062 1469 2100 pudorem
1486 2062 1619 2091 Nasicae
1635 2071 1710 2091 con-

937 2104 1012 2133 sulis
1042 2104 1251 2143 perstringere
1288 2104 1347 2133 hoc
1383 2104 1577 2133 amarissimo
1614 2104 1708 2133 dicto.

937 2146 1021 2175 Nam
1037 2147 1208 2185 legationes
1233 2145 1271 2175 ab
1296 2147 1432 2176 externis
1456 2146 1580 2185 populis
1597 2146 1710 2175 missae

936 2188 975 2217 ad
997 2193 1139 2218 senatum
1158 2188 1300 2218 solebant
1315 2189 1451 2218 ordinari
1474 2198 1531 2226 pro
1546 2188 1709 2218 voluntate

936 2231 1099 2260 consulum
1115 2243 1122 2267 ;
1139 2241 1216 2270 quas
1233 2231 1418 2270 plerumque
1434 2231 1543 2269 gratia,
1559 2240 1707 2260 nonnun-

936 2283 1029 2312 quam
1053 2277 1085 2303 et
1107 2277 1235 2312 accepta
1259 2273 1392 2311 pecunia
1417 2273 1560 2302 consules
1583 2273 1707 2302 ordina-

935 2314 1023 2352 bant,
1051 2319 1087 2345 ut
1114 2315 1270 2345 introduci
1299 2315 1338 2345 ad
1369 2315 1519 2345 Senatum
1545 2314 1707 2354 possent'¹

937 2357 1056 2397 (schol.
1095 2357 1271 2397 Ambros.).
1327 2358 1364 2387 T.
1396 2358 1452 2387 has
1489 2357 1543 2387 the
1579 2357 1708 2396 reading

936 2400 1116 2438 ‘legiones,'
1128 2400 1229 2429 which
1245 2400 1299 2429 has
1315 2400 1450 2439 perhaps
1467 2409 1556 2429 come
1570 2399 1650 2429 from
1667 2409 1708 2429 an

933 2442 1158 2472 abbreviation.

976 2484 1046 2514 The
1061 2484 1241 2523 expression
1258 2486 1265 2501 ⁴
1280 2484 1413 2522 rejectae
1437 2484 1609 2522 legationes
1623 2483 1630 2497 ’
1653 2493 1705 2513 00-

934 2536 1004 2556 curs
1028 2527 1061 2556 in
1083 2527 1191 2556 Cicero
1213 2526 1278 2566 (Ad
1304 2527 1376 2556 Div.
1401 2527 1421 2555 i.
1447 2527 1502 2566 4):
1528 2528 1707 2555 “senatum

933 2568 1041 2598 haberi
1057 2579 1121 2598 non
1137 2578 1228 2607 posse
1253 2578 1361 2598 mense
1378 2568 1547 2597 Februario
1562 2571 1630 2597 toto
1645 2568 1706 2597 nisi

932 2611 1079 2649 perfectis
1095 2615 1150 2640 aut
1161 2611 1283 2649 rejectis
1296 2609 1539 2649 legationibus.”
1563 2610 1707 2639 XVunder

932 2653 989 2682 has
1005 2664 1023 2682 a
1037 2653 1162 2682 remark
1178 2663 1219 2682 on
1240 2654 1294 2682 the
1309 2653 1495 2690 ambiguous
1511 2652 1658 2690 meaning
1674 2652 1710 2680 of

934 2695 1082 2734 ‘rejicere
1118 2694 1313 2733 legationes!
1367 2695 1436 2724 The
1475 2694 1576 2723 words
1613 2703 1705 2722 mean

932 2741 1019 2766 ‘non
1049 2737 1179 2772 audire‚'
1203 2738 1294 2766 when
1324 2737 1399 2775 they
1425 2746 1477 2766 are
1506 2736 1583 2765 used
1612 2735 1703 2764 abso-

930 2779 1048 2818 lutely;
1072 2779 1134 2808 and
1157 2779 1234 2818 they
1257 2789 1348 2808 mean
1374 2782 1407 2807 to
1424 2781 1501 2816 ‘put
1527 2778 1573 2806 off
1592 2780 1624 2806 to
1647 2787 1703 2806 an-

931 2822 1023 2850 other
1045 2820 1146 2856 time‚’
1170 2821 1261 2850 when
1282 2831 1300 2850 a
1320 2821 1397 2850 time
1420 2820 1446 2849 is
1467 2819 1590 2854 named,
1614 2829 1647 2848 as
1670 2820 1703 2848 in

931 2863 1067 2893 Cicero’s
1084 2863 1175 2892 letter
1190 2866 1223 2892 to
1240 2863 1378 2895 Quintus
1396 2860 1442 2900 (ii.
1459 2861 1494 2900 3)
1508 2873 1514 2890 :
1541 2865 1560 2878 ‘⁴
1575 2861 1614 2890 A.
1629 2861 1702 2890 Kal.

931 2905 1021 2935 Febr.
1031 2905 1202 2944 legationes
1217 2905 1250 2934 iu
1262 2905 1332 2934 idus
1343 2903 1435 2933 Febr.
1447 2902 1701 2942 rejiciebantur.’'
