1816 3211
691 214 824 255 GAP.
858 216 1011 254 8—10.
1564 215 1647 255 303

56 326 279 368 crediderit:
318 341 413 368 cum
453 331 574 369 tanto
611 328 872 369 fortunarum
904 341 1072 367 suarum
1109 327 1319 381 periculo;
1367 326 1446 367 hoc
1484 326 1651 381 quidem

55 392 181 432 semel
220 397 417 447 suscepto
454 398 581 448 atque
621 397 843 433 contracto
883 392 1156 448 perpetienda
1193 392 1263 432 illa
1302 392 1484 441 fuerunt,
1523 395 1571 432 ut
1607 406 1651 432 se

53 456 276 511 aliquando
309 458 362 498 ad
396 473 494 498 suos
534 457 777 498 vindicaret.
842 457 992 512 ltaque
1034 457 1209 511 objicias
1242 457 1340 498 licet
1381 472 1506 512 quam
1539 456 1651 496 voles

54 535 179 576 saepe
211 522 426 577 palliatum
460 522 600 572 fuisse,
635 522 773 577 aliqua
809 522 1003 563 habuisse
1043 537 1125 562 non
1160 522 1338 562 Romani
1374 521 1552 562 hominis
1592 520 1652 561 in-

53 587 213 640 signia;
253 587 417 642 quoties
453 602 596 628 eorum
633 587 843 642 quippiam
879 587 1004 637 dices,
1043 587 1172 628 toties
1207 602 1336 627 unum
1373 587 1487 627 dices
1524 591 1651 641 atque

53 651 166 702 illud,
190 657 348 693 temere
379 653 488 692 hunc
520 653 739 706 pecuniam
768 653 857 707 regi
887 652 1142 698 credidisse;
1177 666 1274 692 suas
1306 651 1498 692 fortunas
1522 656 1651 705 atque

52 717 204 757 famam
226 717 384 758 libidini
406 717 545 771 regiae
568 717 837 758 commisisse.
901 718 1082 758 Fecerat
1104 721 1275 766 temere,
1299 716 1435 756 fateor
1454 730 1462 754 ε
1497 714 1651 755 mutari

50 782 209 822 factum
238 782 327 835 jam
358 781 469 821 nullo
500 781 623 821 modo
654 785 847 836 poterat;
882 788 958 824 aut
988 782 1156 837 pallium
1188 781 1435 821 sumendum
1469 779 1652 820 Alexan-

53 846 178 897 driae,
211 852 260 888 ut
291 847 327 887 ei
360 845 520 886 Romae
552 850 702 899 togato
734 860 828 887 esse
859 847 1014 896 liceret,
1047 851 1121 887 aut
1152 860 1294 886 omnes
1325 844 1518 885 fortunae
1549 843 1651 898 abji-

54 911 236 961 ciendae,
260 911 294 952 si
316 917 459 967 togam
482 910 737 952 retinuisset.
801 910 862 952 X.
897 911 1152 952 Deliciarum
1177 924 1327 951 caussa
1345 915 1386 950 et
1408 909 1648 963 voluptatiS,

52 991 135 1017 non
156 977 280 1017 modo
302 977 412 1017 cives
436 976 662 1025 Romanos,
687 976 761 1016 sed
792 981 836 1017 et
866 976 1025 1016 nobiles
1055 975 1356 1023 adolescentes,
1382 977 1425 1014 et
1447 973 1651 1028 quosdam

52 1041 178 1081 etiam
209 1046 437 1092 senatores,
462 1056 625 1082 summo
657 1041 747 1081 loco
778 1046 913 1090 natos,
943 1056 1026 1081 non
1059 1041 1099 1080 in
1131 1040 1264 1081 hortis
1295 1044 1370 1080 aut
1401 1038 1652 1079 suburbanis

51 1106 149 1155 suis,
185 1108 258 1147 sed
301 1106 478 1162 Neapoli
513 1107 555 1147 in
595 1106 864 1146 celeberrimo
901 1106 1052 1161 oppido
1089 1120 1183 1145 cum
1223 1103 1490 1159 maeciapella
1525 1118 1651 1158 saepe

50 1171 240 1212 vidimus.
304 1171 627 1226 Ghlamydatum
652 1170 700 1212 L.
721 1170 878 1211 Sullam
899 1171 1206 1226 imperatorem,
1243 1170 1290 1209 L.
1308 1184 1405 1210 vero
1430 1168 1648 1223 Scipionis,

53 1236 123 1291 qui
153 1236 305 1277 bellum
336 1236 378 1276 in
411 1237 518 1276 Asia
552 1236 686 1291 gessit
710 1236 1052 1290 Antiochumque
1086 1235 1252 1282 devicit,
1277 1249 1359 1274 non
1390 1234 1525 1274 solum
1556 1248 1651 1273 cum

54 1300 281 1355 chlamyde,
316 1301 390 1341 sed
426 1301 554 1341 etiam
596 1315 690 1340 cum
724 1300 903 1354 crepidis
937 1300 978 1339 in
1017 1299 1226 1354 Capitolio
1263 1304 1451 1339 statuam
1484 1298 1649 1339 videtis.

54 1366 240 1418 Quorum
261 1365 486 1420 impunitas
516 1365 596 1405 fuit
627 1379 710 1405 non
740 1365 865 1404 modo
887 1379 912 1404 a
937 1364 1110 1418 judicio,
1136 1364 1209 1404 sed
1240 1364 1367 1404 etiam
1398 1378 1423 1403 a
1444 1377 1648 1404 sermone.

57 1430 242 1471 Facilius
264 1435 378 1471 certe
403 1429 453 1470 P.
472 1429 677 1470 Rutilium
700 1430 855 1469 Rufum
886 1428 1154 1469 necessitatis
1186 1428 1405 1469 excusatio
1438 1428 1647 1477 defendet,

54 1496 124 1551 qui
160 1510 287 1550 quum
323 1510 348 1535 a
383 1494 637 1536 Mithridate
673 1494 892 1549 Mitylenis
927 1508 1149 1549 oppressus
1189 1498 1313 1541 esset,
1353 1493 1650 1534 crudelitatem

53 1560 163 1615 regis
184 1560 225 1599 in
256 1564 428 1614 togatos
450 1560 630 1600 vestitus
661 1559 896 1600 mutatione
918 1558 1078 1599 vitavit.
1144 1558 1259 1613 Ergo
1283 1558 1350 1598 ille
1376 1557 1426 1598 P.
1447 1557 1645 1607 Rutilius,

52 1625 122 1680 qui
152 1625 449 1665 documentum
476 1624 554 1664 fuit
587 1623 824 1663 hominibus
856 1623 1012 1664 nostris
1041 1622 1220 1670 virtutis,
1249 1622 1528 1677 antiquitatis,
1553 1638 1650 1677 pru-

52 1689 228 1739 dentiae,
264 1689 494 1729 consularis
534 1688 671 1737 homo,
710 1702 857 1728 soccos
898 1687 1046 1728 habuit
1078 1695 1120 1728 et
1154 1687 1338 1742 pallium,
1373 1702 1450 1727 nec
1476 1702 1574 1728 vero
1608 1687 1649 1728 id

51 1754 206 1796 homini
229 1760 316 1795 tum
340 1753 571 1808 quisquam,
594 1753 666 1793 sed
688 1752 869 1807 tempori
891 1752 1190 1806 assignandum
1211 1752 1403 1806 putavit.;
1442 1751 1648 1793 Postumo

49 1820 206 1861 crimen
227 1819 405 1860 vestitus
425 1819 572 1859 afferet
600 1818 647 1869 is,
671 1817 712 1858 in
745 1831 826 1872 quo
858 1832 955 1871 spes
985 1817 1065 1857 fuit
1096 1831 1216 1872 posse
1237 1831 1329 1858 sese
1350 1817 1574 1871 aliquando
1595 1818 1650 1857 ad

49 1886 241 1927 fortunas
262 1899 359 1924 suas
380 1883 623 1939 pervenire?
668 1882 779 1923 Nam
795 1888 842 1923 ut
858 1888 1033 1923 ventum
1047 1887 1113 1923 est
1131 1881 1448 1930 Alexandriam,
1468 1882 1646 1936 judices,

49 1951 155 1992 haec
186 1964 270 1989 una
301 1949 408 1990 ratio
439 1963 464 1989 a
495 1963 594 2002 rege
624 1947 841 2002 proposita
865 1947 1070 1988 Postumo
1092 1951 1159 1988 est
1181 1947 1409 1988 servandae
1431 1947 1646 2001 pecuniae,

52 2016 87 2056 si
122 2014 380 2056 curationem
427 2018 471 2054 et
514 2013 632 2068 quasi
666 2012 1024 2067 dispensationem
1060 2012 1218 2067 regiam
1260 2012 1529 2066 suscepisset.
1598 2013 1647 2053 Id

92 2129 136 2158 ad
149 2138 222 2159 suos
238 2128 432 2167 vindicaret]
480 2128 557 2158 This
572 2128 598 2158 is
614 2129 749 2168 perhaps
766 2132 822 2159 not

49 2171 153 2201 Latin.
201 2172 208 2186 ‘
221 2171 263 2201 Et
279 2180 351 2200 suos
363 2170 370 2184 '
388 2171 450 2200 and
467 2173 522 2200 ‘ac
538 2181 611 2201 suos
623 2171 630 2184 ’
647 2172 726 2201 have
743 2171 821 2201 been

48 2214 270 2254 proposed—⁴
285 2214 414 2253 pallium
429 2236 436 2242 .
455 2235 462 2243 .
481 2236 488 2243 .
507 2236 513 2243 .
532 2217 638 2251 togato
653 2215 671 2244 :⁷
708 2215 755 2244 ‘if
785 2215 823 2244 110

47 2257 110 2286 had
140 2260 197 2286 not
234 2256 370 2295 adopted
408 2256 463 2286 the
501 2256 603 2287 Greek
641 2257 728 2286 dress
762 2257 823 2287 and

48 2300 173 2338 pleased
190 2299 244 2328 the
260 2299 345 2337 king,
371 2299 410 2328 110
433 2299 535 2329 would
560 2310 653 2329 never
676 2300 754 2329 have
770 2303 824 2339 got

48 2342 128 2372 back
144 2342 209 2371 safe
224 2345 257 2371 to
276 2341 398 2371 Rome!
446 2345 452 2358 ‘
466 2341 629 2381 'l*ogatus‚’
645 2353 664 2372 a
688 2342 822 2372 Roman.

96 2386 144 2415 10.
176 2384 400 2423 maeciopella]
453 2385 522 2415 The
548 2385 676 2424 reading
706 2385 742 2415 of
768 2385 823 2415 the

47 2427 144 2458 MSS.
194 2427 369 2464 llervagius
394 2427 448 2457 has
473 2431 480 2444 ‘
495 2428 634 2462 mitella.'
652 2438 670 2458 a
686 2428 822 2458 diminu-

46 2471 110 2501 tive
126 2470 161 2499 of
174 2473 181 2487 ⁴
197 2469 310 2499 mitra!
359 2474 365 2486 ‘
381 2470 505 2500 Mitella
518 2469 525 2483 '
549 2471 575 2501 is
599 2471 653 2500 the
676 2481 823 2500 common

47 2513 175 2551 reading
191 2513 226 2542 of
238 2513 292 2542 the
311 2512 457 2542 editions.
503 2513 647 2543 Valerius
665 2514 823 2543 Maximus

49 2556 106 2595 (iii.
136 2558 166 2591 6,
194 2555 228 2594 3)
258 2555 327 2585 tells
351 2566 370 2585 a
396 2559 482 2594 story
512 2557 547 2585 of
579 2557 665 2586 Sulla
689 2557 826 2595 walking

47 2599 144 2628 about
162 2598 280 2637 Naples
305 2598 336 2627 111
360 2608 378 2627 a
395 2602 402 2614 ‘
415 2598 584 2638 chlamysz'
612 2602 630 2616 ¹⁴
645 2599 681 2629 L.
700 2609 825 2639 quoquc

50 2642 137 2672 Sulla
153 2651 250 2681 quum
268 2641 437 2679 imperator
452 2645 534 2670 essct
550 2642 747 2681 chlamydato
765 2642 822 2672 sibi

48 2688 81 2715 et
96 2684 255 2723 crepidato
273 2684 405 2722 Neapoli
422 2683 583 2713 ambulare
604 2684 743 2714 deforme
759 2695 823 2714 non

48 2727 231 2757 duxit.”—‘
249 2726 382 2765 crepidis
401 2726 420 2755 ε’
461 2726 591 2765 Scipio’s
622 2730 725 2757 statue
763 2727 822 2757 had

48 2771 104 2800 the
120 2773 127 2788 ‘
143 2770 283 2809 chlamys
300 2769 307 2782 ’
324 2769 385 2798 and
409 2769 462 2798 the
489 2769 591 2799 Greek
616 2769 692 2799 shoe
710 2768 824 2809 (crepi-

49 2813 124 2853 dis).
169 2813 239 2842 The
262 2813 352 2842 artist
375 2814 432 2851 put
453 2811 518 2841 him
543 2812 574 2841 in
598 2822 617 2841 a
638 2812 741 2842 Greek
757 2823 826 2842 cos-

50 2859 148 2892 turne,
166 2856 228 2885 and
245 2855 389 2885 Valerius
406 2855 490 2891 gives
507 2854 560 2883 the
575 2864 705 2884 reason:
731 2858 751 2871 “
764 2865 826 2895 quo

49 2898 160 2928 habitu
184 2898 328 2928 videlicet
354 2897 428 2937 quia
453 2897 622 2936 aliquando
646 2906 722 2927 usus
746 2901 822 2933 erat,

50 2941 183 2981 effigiem
200 2951 288 2972 suam
305 2941 471 2971 formatam
490 2940 564 2980 poni
582 2939 715 2970 voluit..''
764 2940 825 2971 For

867 2129 922 2159 the
939 2138 1025 2158 same
1040 2137 1152 2158 reason
1169 2128 1209 2158 he
1226 2128 1328 2166 might
1344 2128 1423 2158 have
1438 2127 1519 2159 been
1542 2138 1649 2168 repro-

868 2172 977 2201 50111011
995 2171 1026 2200 111
1049 2181 1067 2200 a
1089 2171 1351 2210 dressing-gown,
1375 2172 1436 2201 and
1458 2172 1489 2201 in
1506 2182 1524 2201 a
1542 2172 1648 2210 night-

868 2225 936 2253 cap,
954 2214 980 2244 if
993 2214 1033 2243 110
1049 2224 1120 2244 ever
1137 2224 1218 2244 wore
1235 2224 1306 2244 0110.
1355 2215 1492 2254 Perhaps
1505 2215 1649 2245 Valerius

870 2257 945 2287 used
978 2257 1040 2286 this
1072 2267 1202 2296 passage
1233 2258 1269 2287 of
1297 2257 1407 2288 Cicero
1435 2258 1531 2287 about
1563 2258 1650 2288 Sulla

868 2301 929 2330 and
949 2300 1062 2339 Scipio,
1080 2300 1198 2339 adding
1224 2300 1278 2330 the
1308 2300 1398 2330 usual
1429 2301 1556 2340 literary
1583 2311 1648 2331 cm-

869 2343 1098 2373 bellishments.

911 2385 1032 2425 Rtffius]
1084 2386 1135 2415 He
1166 2396 1229 2415 was
1261 2386 1292 2416 in
1324 2386 1403 2416 exile
1433 2389 1466 2416 at
1493 2386 1649 2426 Mitylene

868 2429 959 2458 when
977 2428 1178 2458 Mithridates
1203 2429 1340 2468 planned
1361 2429 1417 2459 the
1441 2439 1594 2459 massacrc
1617 2429 1653 2459 of

869 2472 923 2501 the
943 2472 1082 2501 Romans
1106 2471 1138 2501 in
1156 2473 1241 2501 Asia.
1290 2472 1353 2512 (De
1377 2472 1458 2510 Imp.
1476 2472 1534 2501 Cn.
1554 2473 1648 2502 Pom-

869 2515 941 2554 11011,
968 2514 1089 2544 Introd.
1114 2514 1186 2544 Vol.
1213 2513 1316 2553 ii.)—‘
1332 2515 1528 2554 Mitylenis?
1555 2526 1648 2553 genc-

869 2558 947 2597 rally
963 2557 994 2587 in
1019 2557 1073 2587 the
1096 2557 1192 2587 MSS.
1239 2557 1308 2587 The
1330 2558 1416 2587 coins
1442 2558 1519 2587 have
1542 2561 1647 2588 Μυτι-

869 2600 1028 2637 λι’)ιιη.--ι
1040 2600 1237 2639 antiquitatis
1250 2600 1269 2630 :’
1295 2601 1348 2630 the
1369 2601 1481 2630 honest
1505 2601 1556 2630 old
1575 2601 1647 2630 cha-

868 2646 980 2673 racter.
1021 2643 1196 2673 Lambinus
1208 2644 1345 2682 thought
1361 2644 1429 2673 that
1444 2644 1628 2673 ‘sanctitatis
1639 2643 1645 2655 '

869 2696 930 2715 was
954 2697 972 2715 a
988 2688 995 2702 ⁸
1009 2686 1104 2715 lectio
1126 2686 1248 2725 planior
1269 2691 1299 2715 01,
1324 2686 1537 2725 probabilior.'
1587 2687 1648 2715 But

870 2731 877 2745 ‘
891 2729 1062 2768 antiquitas
1077 2729 1084 2742 '
1098 2729 1130 2758 111
1147 2729 1210 2758 this
1226 2739 1316 2759 501150
1332 2729 1358 2758 15
1375 2733 1429 2758 not
1447 2738 1646 2759 uncomniou.

913 2771 1181 2810 [Ii.s·11e›1.s·atior1em
1210 2772 1347 2811 νομίσω]
1396 2772 1465 2802 The
1499 2780 1646 2807 numago-

870 2817 958 2843 ment
981 2814 1042 2843 and
1067 2814 1230 2844 collection
1247 2814 1282 2844 of
1295 2815 1347 2844 tho
1364 2814 1467 2853 king’s
1484 2822 1645 2843 revvnucs.

872 2856 918 2895 By
945 2857 1107 2895 enclosing
1135 2860 1141 2872 ⁴
1157 2858 1215 2887 hoc
1239 2858 1323 2887 0111111
1350 2880 1356 2887 .
1415 2879 1422 2886 .
1448 2867 1465 2886 a
1496 2866 1567 2892 rogo
1583 2854 1589 2865 '
1615 2854 1646 2882 in

867 2898 1023 2935 brackets,
1040 2899 1102 2929 and
1127 2909 1161 2930 so
1178 2900 1345 2938 excluding
1360 2900 1385 2928 it
1401 2899 1480 2928 from
1499 2898 1551 2926 the
1568 2900 1644 2929 text.

867 2951 902 2971 as
920 2942 1071 2972 Patricius
1088 2952 1247 2982 proposes,
1266 2953 1311 2972 we
1327 2947 1379 2981 got*
1395 2945 1426 2970 at
1450 2941 1527 2969 least
1543 2947 1643 2968 sense.
