1816 3211
139 160 222 199 128
440 158 617 200 ORAT.
652 158 771 200 PRO
806 158 855 199 L.
888 157 1201 199 CORNELIO
1234 156 1438 197 BALBO

136 270 298 311 ensium
319 275 362 312 et
385 270 759 326 Neapolitanorum
778 270 870 319 fuit,
890 284 1018 325 quum
1039 283 1192 323 magna
1219 282 1316 322 pars
1346 268 1389 307 in
1419 267 1470 308 iis
1500 267 1739 310 civitatibus

135 335 317 375 foederis
354 336 418 375 sui
451 335 689 376 libertatem
725 333 885 374 civitati
917 333 1162 373 anteferret.
1225 331 1449 372 Postremo
1471 332 1571 372 haec
1593 332 1654 372 vis
1675 336 1740 373 est

134 398 258 439 istius
280 404 323 440 et
338 399 445 452 juris
466 404 509 439 et
531 398 656 445 verbi,
679 402 727 437 ut
747 397 864 436 fundi
885 397 1025 450 populi
1047 395 1246 436 beneficio
1267 400 1424 444 nostro,
1447 410 1530 436 non
1551 410 1626 436 suo
1643 397 1739 450 jure

135 462 252 503 fiant.
316 463 453 514 Quum
484 462 638 516 aliquid
669 460 846 514 populus
878 460 1094 499 Romanus
1122 459 1264 512 jussit,
1289 458 1330 499 id
1363 459 1398 499 si
1433 463 1498 499 est
1534 460 1738 513 ejusmodi

135 531 184 567 ut
205 527 448 581 quibusdam
471 526 633 581 populis
655 525 740 564 sive
760 524 987 564 foederatis
1018 524 1103 563 sive
1129 523 1269 563 liberis
1300 523 1625 577 permittendum
1647 538 1738 564 esse

135 591 336 639 videatur,
367 595 414 630 ut
447 592 637 630 statuant
669 588 748 642 ipsi
780 602 863 628 non
898 588 948 628 de
981 587 1151 636 nostris,
1184 587 1257 627 sed
1291 588 1341 628 de
1374 587 1460 628 suis
1490 587 1624 637 rebus,
1657 602 1737 642 quo

129 655 224 708 jure
245 654 306 694 uti
328 654 469 702 velint,
493 658 594 702 tum,
618 657 758 692 utrum
778 652 894 691 fundi
914 651 1018 692 facti
1040 651 1126 692 sint
1146 665 1200 691 an
1221 665 1316 700 non,
1340 652 1625 706 quaerendum
1646 666 1737 693 esse

134 718 349 758 videatur:
383 718 433 758 de
458 723 601 758 nostra
622 731 719 756 vero
749 730 794 756 re
825 715 1004 770 publica,
1030 716 1080 755 de
1111 719 1256 755 nostro
1287 715 1474 769 imperio,
1499 715 1549 755 de
1580 715 1738 757 nostris

134 781 263 831 bellis,
288 783 338 822 de
370 781 556 831 victoria,
587 781 638 821 de
669 781 805 820 salute
836 780 986 819 fundos
1018 779 1195 834 populos
1230 779 1319 819 fieri
1349 779 1585 820 noluerunt.
1648 779 1736 829 IX«.

135 845 282 899 Atqui,
307 845 341 885 si
372 845 693 899 imperatoribus
724 844 892 892 nostris,
915 843 950 883 si
977 843 1152 892 senatui,
1177 843 1212 883 si
1243 844 1396 898 populo
1430 843 1621 884 Romano
1653 858 1738 884 non

133 909 276 950 licebit
308 910 531 964 propositis
568 908 764 964 praemiis
804 908 954 948 elicere
994 922 1046 948 ex
1087 907 1329 948 civitatibus
1363 907 1571 948 sociorum
1609 912 1736 962 atque

133 973 362 1013 amicorum
394 973 667 1014 fortissimum
698 977 827 1026 atque
859 971 1063 1026 optimum
1084 985 1290 1025 quemque
1323 972 1376 1012 ad
1412 972 1629 1012 subeunda
1662 986 1736 1026 pro

133 1037 268 1077 salute
302 1042 448 1077 nostra
480 1037 674 1091 pericula,
698 1050 861 1076 summa
893 1035 1077 1076 utilitate
1104 1050 1154 1075 ac
1181 1035 1362 1076 maximo
1384 1050 1508 1090 saepe
1529 1036 1736 1090 praesidio

132 1101 327 1155 periculis
340 1105 465 1154 atque
478 1101 635 1155 asperis
651 1100 912 1154 temporibus
926 1099 1152 1140 carendum
1168 1099 1288 1139 nobis
1305 1100 1398 1140 erit.
1433 1100 1527 1149 Sed,
1545 1115 1618 1154 per
1634 1100 1735 1140 deos

132 1165 413 1205 immortales!
449 1179 554 1219 quae
585 1169 650 1205 est
683 1164 764 1204 ista
792 1163 987 1211 societas,
1012 1177 1117 1217 quae
1149 1163 1344 1213 amicitia,
1369 1164 1479 1218 quod
1506 1164 1664 1212 foedus,
1687 1168 1735 1204 ut

131 1233 206 1269 aut
231 1238 376 1268 nostra
398 1228 549 1269 civitas
577 1232 718 1268 careat
739 1227 779 1266 in
801 1227 887 1267 suis
909 1227 1101 1281 periculis
1126 1226 1381 1268 Massiliensi
1409 1234 1733 1282 propugnatore,

133 1301 275 1333 careat
307 1292 530 1340 Gaditano,
561 1296 705 1332 careat
736 1291 996 1346 Saguntino;
1040 1295 1113 1331 aut
1135 1289 1170 1331 si
1192 1291 1284 1344 quis
1313 1306 1364 1332 ex
1390 1291 1468 1331 illis
1495 1292 1658 1346 populis
1679 1293 1735 1333 sit

132 1361 306 1396 exortus
338 1356 406 1410 qui
437 1361 605 1397 nostros
635 1356 762 1395 duces
792 1354 946 1394 auxilio
977 1355 1143 1404 laboris,
1169 1360 1428 1396 commeatus
1448 1356 1631 1410 periculo
1659 1370 1734 1396 suo

126 1420 295 1474 juverit,
319 1420 388 1474 qui
412 1435 505 1460 cum
526 1420 648 1460 hoste
670 1423 815 1459 nostro
838 1418 1025 1459 cominus
1047 1419 1088 1459 in
1109 1420 1198 1461 acie
1220 1435 1344 1475 saepe
1365 1420 1573 1475 pugnarit,
1599 1420 1669 1475 qui
1690 1435 1735 1461 se

131 1498 254 1538 saepe
288 1485 382 1525 telis
418 1484 613 1533 hostium,
654 1483 723 1537 qui
756 1482 1013 1523 dimicationi
1050 1484 1213 1538 capitis,
1253 1484 1322 1539 qui
1355 1484 1480 1525 morti
1516 1484 1732 1538 objecerit,

131 1548 244 1588 nulla
272 1548 509 1589 conditione
541 1548 665 1602 hujus
695 1547 877 1588 civitatis
909 1547 1104 1601 praemiis
1134 1548 1243 1589 affici
1265 1548 1431 1620 possit²
1493 1548 1702 1589 Etenim'
1691 1564 1734 1589 m

130 1612 328 1666 populum
350 1612 585 1653 Romanum
605 1626 731 1666 grave
752 1615 830 1660 est,
853 1625 937 1650 non
961 1625 1084 1665 posse
1106 1612 1167 1653 uti
1190 1612 1313 1653 sociis
1334 1611 1556 1653 excellenti
1577 1612 1733 1653 virtute

131 1676 347 1731 praeditis,
386 1676 455 1730 qui
487 1675 615 1716 velint
648 1690 742 1716 611111
782 1674 974 1729 periculis
1009 1676 1164 1717 nostris
1200 1691 1276 1717 sua
1312 1676 1642 1718 communicare:
1691 1677 1734 1717 in

133 1740 268 1780 socios
289 1755 384 1780 vero
415 1740 540 1794 ipsos,
569 1744 612 1780 et
632 1739 673 1779 in
696 1753 767 1779 eos
788 1739 839 1778 de
861 1739 1009 1792 quibus
1035 1740 1199 1793 agimus
1225 1741 1459 1780 foederatos
1487 1739 1733 1794 injuriosum

134 1808 178 1844 et
204 1803 550 1844 contumeliosum
582 1807 659 1851 est,
681 1803 731 1843 iis
763 1802 956 1857 praemiis
991 1808 1035 1844 et
1070 1803 1119 1844 115
1155 1804 1381 1844 honoribus
1416 1804 1605 1845 exclusos
1643 1819 1734 1845 esse

133 1867 396 1907 fidelissimos
428 1872 472 1907 et
504 1867 866 1921 conjunctissimos
902 1867 1050 1917 socios,
1084 1883 1189 1922 quae
1224 1873 1400 1923 pateant
1436 1868 1732 1922 stipendiariis,

133 1935 308 1985 pateant
329 1931 533 1980 hostibus,
558 1935 731 1985 pateant
753 1945 878 1985 saepe
899 1931 1042 1972 servis.
1105 1932 1215 1973 Nam
1240 1933 1322 1987 [et]
1353 1932 1649 1987 stipendiarios
1680 1947 1733 1973 ex

135 1995 294 2042 Africa,
319 1994 471 2044 Sicilia,
501 1994 705 2044 Sardinia,
736 1995 887 2035 ceteris
919 1995 1142 2049 provinciis
1174 1997 1328 2037 multos
1357 1996 1528 2038 civitate
1555 1998 1734 2038 donatos

134 2058 347 2104 videmus;
396 2064 439 2099 et
472 2059 541 2113 qui
581 2059 725 2099 hostes
757 2059 811 2098 ad
851 2064 1019 2100 nostros
1058 2060 1331 2115 imperatores
1366 2060 1650 2114 perfugissent
1689 2065 1734 2102 et

134 2136 285 2176 magno
325 2123 417 2162 usui
454 2123 512 2162 rei
552 2123 741 2176 publicae
785 2127 953 2163 nostrae
996 2123 1186 2174 fuissent,
1229 2125 1384 2165 scimus
1428 2124 1598 2165 civitate
1642 2140 1733 2166 esse

179 2225 242 2244 esse
257 2216 421 2255 videatur]
457 2219 464 2232 ‘
478 2226 546 2246 esse
567 2216 713 2252 videtui-,³
729 2216 909 2255 Rumpfius‚
954 2217 1010 2246 the
1033 2217 1216 2248 immediate
1241 2228 1333 2248 cause
1356 2217 1393 2247 of
1415 2218 1469 2247 the
1493 2218 1607 2248 second
1633 2218 1734 2249 Punic

135 2257 254 2287 Baiter.
955 2269 1028 2289 war.

180 2301 209 2329 9.
250 2300 422 2338 periculis]
485 2301 492 2316 ⁴
510 2300 715 2339 periculosis,’
771 2300 912 2340 Madvig,
1001 2303 1126 2331 azcoeilio
1158 2303 1278 2331 laboris
1309 2302 1382 2341 &c.]
1433 2302 1581 2338 ε1111111110,
1612 2302 1730 2339 labore,

137 2341 269 2377 Baiter;
303 2341 364 2370 and
395 2342 528 2380 perhaps
559 2343 686 2381 rightly.
733 2343 801 2372 The
830 2347 913 2373 texts
957 2345 1155 2373 commeatu'
1182 2344 1380 2381 Lambinus3
1411 2345 1473 2374 aud
1488 2345 1559 2374 that
1574 2345 1677 2374 would
1692 2345 1731 2375 be

135 2383 216 2412 have
244 2384 295 2412 Ι111
320 2384 488 2422 periculis,’
517 2384 575 2414 but
602 2385 709 2414 Baiter
736 2388 848 2424 quotes
871 2395 912 2415 110
957 2386 1068 2422 better,
1085 2396 1120 2416 so
1137 2387 1183 2416 far
1198 2396 1232 2415 as
1248 2396 1293 2415 we
1309 2397 1366 2416 can
1379 2387 1486 2426 judge.

136 2426 296 2464 authority
312 2425 360 2454 for
377 2426 451 2456 ‘in.y
996 2428 1234 2468 stipendiariis]
1281 2428 1446 2459 Manutius
1476 2439 1546 2468 says
1575 2429 1647 2459 that
1675 2429 1731 2459 the

179 2468 393 2506 Massiliensi]
439 2468 516 2498 This
548 2469 651 2499 Greek
678 2472 762 2498 town
790 2479 830 2498 on
854 2469 909 2499 the
955 2473 962 2487 ‘
976 2471 1188 2509 stipendiarii’
1206 2481 1258 2500 are
1274 2471 1365 2500 those
1386 2472 1456 2501 who
1472 2482 1524 2501 are
1539 2471 1572 2501 in
1592 2482 1610 2501 a
1632 2481 1731 2501 worse

136 2510 232 2539 south
259 2513 344 2539 coast
371 2510 406 2539 of
423 2510 541 2539 France
564 2521 625 2540 was
647 2521 687 2540 an
712 2511 765 2540 old
790 2512 852 2550 ally
877 2512 912 2541 of
953 2513 1113 2542 condition
1136 2513 1214 2542 with
1237 2517 1361 2552 respect
1383 2517 1416 2543 to
1447 2514 1549 2543 Rome
1572 2513 1650 2543 than
1676 2514 1732 2544 the

137 2552 250 2586 Rome,
267 2552 328 2581 and
345 2552 398 2581 the
417 2553 557 2582 Romans
581 2554 650 2582 first
673 2556 727 2591 got
750 2564 768 2582 a
791 2554 912 2592 footing
957 2555 1132 2584 Foederati.
1178 2555 1247 2584 The
1265 2558 1271 2571 ‘
1286 2556 1482 2594 stipendiarii
1495 2556 1503 2570 ’
1520 2566 1573 2585 are
1585 2556 1638 2585 the
1654 2565 1730 2595 peo-

136 2594 169 2623 in
185 2594 239 2623 the
252 2594 345 2623 south
362 2594 397 2623 of
409 2595 510 2624 Gallia
525 2595 604 2623 from
618 2596 712 2633 going
722 2599 755 2625 to
771 2595 843 2634 help
857 2596 911 2626 the
955 2597 1006 2635 ple
1022 2597 1057 2625 of
1069 2607 1087 2626 a
1103 2597 1312 2636 Stipendiaria
1327 2598 1486 2636 provincia
1497 2598 1567 2627 who
1577 2607 1638 2636 pay
1654 2602 1661 2614 ⁴
1674 2598 1730 2627 sti-

135 2636 352 2665 Massilienses
368 2637 491 2674 against
506 2637 561 2665 the
577 2638 708 2666 nativos.
760 2637 834 2676 (See
852 2638 911 2667 Pro
955 2639 1128 2677 pe11(lium.'
1192 2640 1285 2679 Sicily
1309 2650 1372 2669 was
1397 2644 1454 2669 not
1474 2650 1493 2669 a
1520 2640 1730 2678 Stipendiaria

136 2678 259 2713 Flacco,
298 2688 324 2708 c.
362 2680 413 2714 26,
458 2678 530 2708 Vol.
575 2678 633 2717 iii.)
694 2679 802 2709 Justin
841 2679 910 2717 (lib.
956 2681 1115 2719 provincia
1136 2680 1190 2720 (In
1206 2682 1296 2711 Verr.
1322 2682 1353 2711 ii.
1374 2683 1405 2718 3,
1428 2692 1454 2711 c.
1472 2682 1519 2721 6),
1543 2681 1600 2711 but
1620 2681 1729 2711 Cicero

135 2721 191 2758 43)
224 2720 280 2750 has
309 2730 328 2749 a
358 2724 443 2759 story
473 2720 570 2750 about
606 2722 661 2750 the
698 2721 910 2751 Massilienses
955 2723 1029 2752 here
1059 2724 1171 2762 speaks
1203 2733 1237 2753 as
1268 2724 1295 2753 if
1323 2733 1409 2753 some
1434 2724 1469 2753 of
1495 2724 1549 2753 the
1574 2724 1669 2753 Siculi
1695 2727 1728 2753 at

136 2762 266 2801 helping
290 2763 344 2792 the
372 2763 512 2792 Romans
537 2762 618 2792 after
648 2763 701 2792 the
728 2768 856 2801 capture
879 2764 915 2793 of
954 2765 1032 2794 least
1047 2775 1128 2795 were
1145 2765 1382 2804 ‘stipendiariiss
1429 2766 1481 2795 He
1497 2769 1651 2795 contrasts
1671 2765 1728 2795 the

137 2804 240 2834 Rome
255 2805 365 2843 hythe
386 2805 478 2835 Galli.
525 2805 712 2842 Saguntum,
728 2804 783 2833 the
798 2805 859 2844 ally
876 2807 912 2835 of
952 2810 1013 2836 two
1033 2807 1145 2837 classes
1171 2808 1352 2846 ‘vectigales
1376 2808 1494 2837 multos
1518 2810 1550 2837 et
1574 2807 1726 2847 stipendi-

136 2846 248 2884 Rome,
261 2857 322 2877 was
332 2847 428 2876 taken
442 2846 485 2887 by
503 2846 674 2883 Hannibal,
692 2846 753 2876 and
769 2847 831 2876 this
847 2857 909 2878 was
952 2849 1048 2879 arios’
1073 2849 1106 2879 in
1122 2850 1177 2880 the
1194 2850 1285 2881 Prov.
1303 2850 1398 2880 Cous.
1415 2859 1442 2880 c.
1459 2851 1490 2880 5.
