1816 3211
725 208 858 251 OAP.
891 212 928 261 5,
955 210 992 251 6.
1576 214 1655 255 559

75 321 235 363 dustria
255 320 435 364 inferior.
498 321 573 363 Ille
594 335 721 377 quum
741 321 971 363 exercitum
985 321 1141 363 nullum
1161 321 1347 372 haberet,
1369 326 1541 377 repente
1562 337 1656 365 con-

73 385 212 427 flavit:
247 385 313 426 hic
340 400 433 426 eum
462 386 690 427 exercitum
717 400 838 440 quem
872 386 1036 441 accepit
1066 385 1220 427 amisit.
1280 386 1346 428 Ut
1377 387 1508 442 igitur
1544 386 1658 430 Cati-

70 448 198 490 linam
230 450 446 505 diligentia
476 465 580 500 mea,
609 455 780 491 senatus
809 451 1074 501 auctoritate,
1096 457 1238 492 vestro
1270 451 1409 492 studio
1437 456 1480 493 et
1500 452 1658 494 virtute

71 513 268 568 fregistis,
293 515 353 555 sic
386 515 563 556 Antonii
592 514 794 555 nefarium
825 514 1089 556 latrocinium
1108 520 1248 556 vestra
1275 530 1369 557 cum
1390 521 1540 558 senatu
1561 531 1657 558 con-

72 578 215 619 cordia
235 583 368 628 tanta,
391 584 549 633 quanta
569 578 795 634 numquam
825 578 917 628 fuit,
939 579 1140 620 felicitate
1161 584 1204 621 et
1223 579 1379 621 virtute
1400 581 1658 622 exercituum

71 642 303 699 ducumque
324 649 557 684 vestrorum
577 643 692 684 brevi
720 648 909 698 tempore
931 658 1174 698 oppressum
1194 644 1388 686 audietis.
1450 645 1658 700 Equidem

70 711 273 761 quantum
294 721 406 756 cura,
429 707 583 757 labore,
602 707 763 762 vigiliis,
780 707 1045 757 auctoritate,
1064 708 1235 749 consilio
1251 709 1328 750 niti
1348 714 1476 764 atque
1497 711 1658 751 efficere

70 776 232 826 potero,
254 770 356 811 nihil
385 771 722 825 praetermittam
754 772 864 826 quod
896 772 949 812 ad
984 772 1221 813 libertatem
1240 777 1423 813 vestram
1449 775 1657 829 pertinere

71 836 339 883 arbitrabor3
372 850 506 890 neque
529 836 638 876 enim
659 836 701 876 id
730 850 805 891 pro
827 836 978 877 vestris
998 836 1262 892 amplissimis
1283 837 1325 877 in
1351 852 1417 878 me
1444 838 1658 881 beneficiis

71 900 160 941 sine
181 900 336 942 scelere
355 900 494 941 facere
514 915 700 954 possum.
762 900 979 941 Hodierno
1000 906 1142 943 autem
1158 901 1224 942 die
1244 901 1432 956 primum,
1451 903 1658 945 referente

71 964 159 1006 viro
194 965 422 1006 fortissimo
454 965 652 1019 vobisque
684 964 946 1014 amicissimo,
983 966 1062 1007 hoc
1096 966 1160 1007 M.
1185 966 1371 1016 Servilio,
1405 967 1657 1023 collegisque

73 1030 175 1084 ejus,
200 1029 475 1070 ornatissimis
495 1029 604 1080 viris,
629 1029 797 1084 optimis
818 1029 988 1079 civibus,
1006 1030 1129 1086 longo
1150 1030 1380 1082 intervallo,
1398 1046 1463 1073 me
1483 1038 1658 1075 auctore

69 1099 113 1136 et
133 1093 317 1149 principe
336 1094 391 1135 ad
411 1108 529 1149 spem
549 1093 755 1134 libertatis
776 1094 1018 1135 exarsimus.

58 1226 209 1265 fascibus
231 1227 314 1256 clam
336 1227 395 1256 cet.
420 1225 500 1264 conj.
522 1224 705 1261 Mercerius,
729 1224 842 1264 proba-

70 1269 164 1299 bilius
203 1269 309 1299 Roth:
348 1268 454 1308 quid?
491 1269 551 1298 hoc
589 1268 652 1298 SC.
682 1268 770 1306 fecit
805 1271 842 1298 ut

70 1313 152 1342 clam
183 1315 213 1342 te
239 1321 279 1341 eoe
309 1311 388 1341 urbe
411 1310 613 1350 projiceres).
672 1310 742 1340 Hoc
772 1311 840 1341 loco

70 1354 170 1384 Nonii
198 1354 297 1384 fretus
327 1354 457 1393 aliisque
494 1352 613 1383 levibus
650 1354 842 1392 argumentis

69 1406 145 1427 usus
175 1397 256 1436 Aug.
289 1396 422 1430 Krause,
454 1405 526 1426 cum
564 1396 645 1425 hanc
673 1396 843 1426 editionem

69 1449 98 1470 a.
124 1441 204 1471 1839
227 1439 365 1470 Berolini
389 1439 505 1475 ederet,
525 1448 594 1468 eam
618 1438 761 1468 Ciceroni
784 1438 840 1468 ab·

65 1482 267 1521 judicandam
283 1492 350 1512 esse
370 1481 491 1511 censuit
513 1491 668 1521 suumque
687 1481 839 1520 judicium

69 1528 180 1564 postea
208 1525 298 1555 novis
326 1524 519 1563 argumentis
547 1524 581 1554 in
610 1524 838 1561 dissertatione,

887 1235 967 1265 quae
1003 1225 1086 1256 inest
1119 1225 1151 1256 in
1181 1225 1285 1256 Iahnii
1318 1225 1432 1256 Tabul.
1462 1226 1571 1266 philol.
1602 1227 1657 1258 xiii

885 1279 916 1308 p.
934 1270 995 1304 297
1012 1279 1081 1308 sqq.
1098 1269 1282 1299 confirmare
1305 1273 1435 1299 conatus
1458 1273 1516 1300 est.
1562 1270 1655 1309 Ejus-

884 1311 955 1341 dem
977 1313 1149 1342 sententiae
1171 1314 1278 1341 auctor
1297 1312 1363 1350 jam
1383 1316 1457 1342 ante
1473 1322 1544 1342 eum
1562 1313 1596 1342 F.
1615 1314 1655 1344 G.

888 1354 1019 1384 Ientzeu
1045 1355 1078 1384 in
1094 1355 1217 1384 dissert.
1242 1364 1322 1394 quae
1344 1354 1489 1385 Lubecae
1515 1356 1606 1386 1820.
1624 1358 1655 1386 8.

887 1396 1009 1436 (Ueber
1032 1397 1085 1428 des
1105 1397 1169 1428 Cic.
1186 1397 1282 1427 vierte
1308 1397 1388 1427 Phil.
1407 1397 1507 1438 Rede)
1528 1398 1654 1437 prodiit,

885 1440 1057 1469 exstiterat.
1105 1440 1317 1470 Patrocinium
1344 1440 1493 1470 orationis
1518 1442 1656 1480 suscepit

886 1482 1039 1537 Iordanus
1061 1483 1095 1513 in
1118 1483 1226 1513 Diario
1249 1483 1382 1523 Antiqu.
1409 1484 1490 1514 1840
1509 1493 1595 1514 num.
1614 1484 1655 1520 75

883 1527 915 1555 et
930 1525 982 1560 76.
999 1524 1006 1537 ’
