1816 3211
113 191 193 231 626
269 188 447 231 ORAT.
482 187 994 230 PHILIPPICARUM
1030 186 1216 227 LIBER
1247 185 1543 228 DECIMUS.

111 303 293 344 animum
314 303 439 344 istum
461 302 684 357 aliquando
707 307 751 342 et
770 300 942 355 mitiga:
973 300 1069 340 audi
1090 299 1200 340 viros
1220 300 1364 349 bonos,
1389 299 1538 354 quibus
1557 299 1700 341 multis

110 369 263 410 uteris:
293 369 461 423 loquere
483 382 576 407 cum
594 366 899 420 sapientissimo
921 364 1098 413 homine,
1116 378 1269 418 genero
1292 368 1377 413 tuo,
1397 364 1560 418 saepius
1576 379 1699 420 quam

110 433 199 488 ipse
221 438 360 474 tecum
380 449 387 472 :
423 437 511 472 tum
535 432 710 485 donique
727 428 970 484 amplissimi
992 428 1159 469 honoris
1179 443 1328 468 nomen
1347 427 1567 469 obtinebis.
1631 430 1700 468 An

110 512 208 538 vero
231 498 307 538 hoc
330 512 404 552 pro
426 497 552 536 nihilo
574 501 711 550 putas,
736 494 777 534 in
799 509 880 549 quo
903 494 1095 548 equidem
1123 508 1197 547 pro
1219 493 1405 533 amicitia
1435 498 1551 534 tuam
1572 493 1701 534 vicem

110 563 249 603 dolere
272 563 398 610 soleo,
422 560 556 601 efferri
578 561 656 600 hoc
678 560 789 599 foras
811 564 854 599 et
874 559 928 599 ad
958 558 1099 614 populi
1122 557 1299 598 Romani
1320 572 1441 599 aures
1472 558 1699 613 pervenire,

110 627 146 668 ei
170 628 238 682 qui
270 626 427 681 primus
449 625 701 666 sententiam
734 623 888 665 dixerit
918 625 1127 664 neminem
1156 624 1403 664 assensum?
1434 623 1544 678 quod
1575 622 1702 664 etiam

109 691 231 732 hodie
252 692 435 732 futurum
458 690 652 732 arbitror.

169 756 378 811 Legiones
409 755 580 796 abducis
610 770 635 795 a
668 754 819 796 Bruto.
881 754 1022 806 Quas?
1083 753 1243 808 Nempe
1272 767 1342 793 eas
1375 766 1478 807 quas
1509 752 1575 792 ille
1607 751 1701 793 a-C.

110 821 290 862 Antonii
318 821 474 862 scelere
505 820 670 869 avertit,
704 824 747 860 et
779 820 832 860 ad
868 833 957 860 rem
984 819 1191 874 publicam
1223 833 1299 859 sua
1326 817 1582 859 auctoritate
1615 821 1702 858 tra-

109 886 242 927 duxit.
306 886 469 926 Rursus
491 885 620 940 igitur
642 885 703 926 vis
734 885 938 926 nudatum
959 884 1074 925 illum
1105 890 1234 938 atque
1262 884 1396 924 solum
1423 898 1448 923 a
1475 898 1519 923 re
1541 883 1704 938 publica

108 951 338 1007 relegatum
375 950 518 992 videri.
581 950 673 990 Vos
709 955 863 999 autem,
899 954 1042 1003 patres
1079 949 1320 1003 conscripti,
1357 948 1392 989 si
1431 948 1494 989 M.
1521 947 1703 988 Brutum

110 1016 376 1057 deserueritis
397 1021 441 1057 et
469 1015 746 1071 prodideritis,
772 1029 894 1070 quem
915 1015 1084 1055 tandem
1108 1014 1239 1054 civem
1267 1028 1464 1069 umquam
1486 1013 1702 1063 ornabitis,

115 1080 201 1134 [cui
220 1081 433 1134 favebitis]
454 1081 467 1120 ἕ
488 1080 565 1120 nisi
582 1080 690 1120 forte
708 1094 780 1120 eos
798 1079 865 1133 qui
885 1079 1073 1119 diadema
1090 1079 1363 1133 imposuerint
1380 1079 1699 1127 conservandos,

110 1160 182 1186 eos
215 1146 283 1200 qui
315 1146 432 1200 regni
466 1159 615 1185 nomen
650 1144 897 1185 sustulerint
929 1144 1178 1184 deserendos
1208 1143 1379 1198 putatis.
1442 1144 1509 1184 Ac
1541 1144 1590 1184 de
1623 1143 1702 1184 hac

110 1210 276 1264 quidem
298 1210 435 1250 divina
457 1214 583 1264 atque
605 1209 830 1250 immortali
852 1209 972 1249 laude
1002 1208 1066 1248 M.
1090 1208 1215 1249 Bruti
1246 1208 1388 1258 silebo,
1416 1223 1522 1263 quae
1551 1208 1702 1263 gratis-

108 1275 212 1316 sima
239 1275 440 1316 memoria
469 1275 651 1315 omnium
680 1274 827 1315 civium
857 1273 1016 1314 inclusa
1042 1274 1227 1313 nondum
1254 1273 1419 1328 publica
1448 1273 1702 1314 auctoritate

108 1344 271 1381 testata
287 1346 365 1382 est.
429 1340 665 1381 Tantamne
683 1339 940 1395 patientiam,
961 1339 1017 1379 dii
1033 1338 1130 1379 boni
1148 1341 1156 1379 !
1181 1343 1345 1379 tantam
1361 1339 1700 1388 moderationem,

106 1410 271 1447 tantam
292 1406 334 1446 in
356 1406 508 1461 injuria
529 1405 878 1460 tranquillitatem
901 1409 945 1445 et
965 1404 1215 1445 modestiam
1235 1407 1243 1445 Ξ
1279 1404 1347 1459 qui
1379 1419 1505 1459 quum
1535 1408 1703 1459 praetor

110 1470 223 1511 urbis
245 1476 370 1520 esset,
393 1472 496 1512 urbe
518 1471 666 1519 caruit,
691 1470 762 1525 jus
783 1484 866 1510 non
892 1469 1012 1518 dixit,
1036 1483 1162 1524 quum
1185 1483 1306 1510 omne
1329 1469 1400 1523 jus
1427 1469 1486 1509 rei
1513 1468 1702 1523 publicae

108 1537 452 1590 recuperavisset,
473 1550 681 1591 quumque
703 1549 907 1575 concursu
930 1534 1174 1589 quotidiano
1195 1535 1398 1575 bonorum
1420 1534 1615 1583 omnium,
1634 1533 1703 1588 qui

109 1601 363 1642 admirabilis
384 1602 438 1641 ad
459 1616 553 1642 eum
574 1600 662 1640 fieri
684 1600 857 1649 solebat,
877 1599 1167 1654 praesidioque
1190 1599 1339 1641 Italiae
1362 1605 1537 1640 cunctae
1558 1604 1704 1654 septus

109 1670 254 1720 posset
290 1680 393 1715 esse,
431 1667 582 1706 absens
612 1665 773 1719 judicio
809 1665 1012 1705 bonorum
1049 1665 1243 1705 defensus
1277 1679 1369 1705 esse
1401 1665 1546 1705 maluit
1579 1678 1702 1718 quam

111 1744 310 1784 praesens
341 1745 494 1778 manu3
531 1730 599 1784 qui
632 1745 684 1771 ne
718 1729 986 1785 Apollinares
1019 1729 1186 1783 quidem
1217 1729 1337 1769 ludos
1360 1744 1436 1784 pro
1467 1744 1543 1770 sua
1575 1744 1702 1784 popu-

111 1795 221 1849 lique
258 1795 438 1835 Romani
471 1795 678 1849 dignitate
711 1799 939 1849 apparatos
972 1808 1170 1848 praesens
1204 1793 1317 1843 fecit,
1351 1809 1404 1834 ne
1439 1809 1564 1849 quam
1594 1794 1702 1835 viam

111 1859 371 1913 patefaceret
392 1859 803 1900 sceleratissimorum
824 1858 1038 1898 hominum
1053 1857 1266 1898 audaciae.
1330 1858 1410 1898 IV.
1444 1859 1702 1914 Quamquam

113 1924 183 1978 qui
204 1939 399 1979 umquam
421 1929 494 1964 aut
515 1923 602 1963 ludi
624 1929 698 1964 aut
720 1923 808 1963 dies
835 1923 1030 1964 laetiores
1057 1923 1225 1963 fuerunt
1257 1937 1381 1977 quam
1402 1937 1527 1977 quum
1548 1922 1590 1963 in
1620 1923 1703 1964 sin-

112 1989 219 2043 gulis
241 1989 427 2029 versibus
455 1988 632 2043 populus
662 1988 876 2028 Romanus
905 1988 1087 2028 maximo
1119 1988 1299 2028 clamore
1332 1992 1374 2027 et
1407 1987 1551 2041 plausu
1580 1988 1703 2029 Bruti

113 2053 354 2093 memoriam
393 2053 761 2108 prosequebatur?
822 2052 982 2107 Corpus
1021 2054 1171 2093 aberat
1209 2052 1459 2102 liberatoris,
1495 2053 1703 2094 libertatis

113 2118 311 2158 memoria
332 2119 492 2167 aderat,
516 2117 558 2157 in
579 2132 660 2172 qua
681 2117 805 2157 Bruti
827 2117 964 2172 imago
988 2118 1099 2158 cerni
1120 2118 1350 2158 videbatur.
1412 2118 1475 2158 At
1499 2118 1609 2158 hunc
1639 2118 1703 2158 his

113 2182 213 2238 ipsis
233 2183 423 2223 ludorum
445 2183 591 2224 diebus
612 2182 803 2223 videbam
834 2182 876 2222 in
906 2182 1043 2223 insula
1064 2182 1282 2223 clarissimi
1313 2182 1593 2224 adolescentis
1620 2182 1703 2223 Lu-

118 2319 248 2349 ‘multis
278 2319 452 2349 uteris.'-—-‘
467 2330 581 2359 genero
605 2323 661 2350 tuo
675 2319 695 2350 :’
727 2320 803 2350 with
832 2320 888 2350 the

117 2362 227 2391 consul
244 2363 354 2392 Pansa.
389 2363 479 2392 Then
498 2363 634 2393 Calenus
650 2363 713 2392 will
728 2363 768 2392 be
790 2363 888 2403 really

117 2406 125 2420 ‘
137 2405 322 2434 consularis'
340 2405 371 2434 in
388 2406 490 2441 merit,
508 2416 541 2435 as
556 2406 597 2435 he
613 2416 674 2435 was
690 2406 723 2435 in
739 2406 811 2435 fact.

163 2447 195 2476 C.
210 2447 385 2486 Antonius]
436 2448 487 2477 He
510 2448 572 2477 had
599 2459 680 2487 gone
703 2459 807 2478 across
832 2448 887 2478 the

118 2489 280 2518 Hadriatic
308 2489 387 2529 (B.c.
415 2490 471 2530 44)
500 2494 533 2519 to
557 2491 629 2520 take
654 2492 831 2530 possession
856 2491 891 2520 of

115 2532 171 2561 the
207 2533 355 2570 province
392 2533 427 2561 of
461 2533 657 2569 Macedonia,
689 2534 791 2563 which
832 2534 887 2564 the

116 2578 223 2604 senate
259 2574 319 2603 had
355 2575 445 2613 given
480 2575 545 2604 him
576 2577 712 2615 through
743 2577 790 2607 M.
821 2577 885 2606 An-

115 2616 233 2647 tonius’
263 2621 495 2655 management.
551 2618 615 2648 But
643 2619 760 2649 Brutus
797 2629 885 2649 came

114 2660 183 2689 into
213 2659 268 2689 the
298 2661 444 2698 province
475 2665 507 2689 at
535 2661 590 2690 the
621 2671 706 2691 same
736 2662 813 2692 time
848 2672 882 2692 as

116 2702 152 2733 C.
178 2703 346 2738 Antonius,
373 2702 434 2731 and
458 2703 523 2740 just
549 2708 581 2733 at
605 2704 659 2733 the
687 2705 764 2733 time
791 2705 881 2734 when

115 2745 171 2775 the
200 2745 316 2775 former
345 2754 500 2783 governor
531 2746 571 2778 Q.
598 2747 789 2777 Hortensius
820 2758 882 2777 was

114 2788 237 2827 leaving
252 2788 306 2818 the
321 2788 469 2827 province
486 2787 585 2826 (Dion
602 2791 653 2823 47,
672 2799 696 2818 c.
711 2789 779 2829 21).

162 2831 232 2870 [cui
248 2830 458 2870 favebitis]?]
490 2830 531 2859 D.
578 2831 641 2860 But
668 2831 756 2860 these
780 2832 881 2861 words

113 2883 167 2903 are
204 2873 335 2903 omitted
371 2873 404 2902 in
434 2873 463 2901 V
494 2872 554 2902 and
586 2873 627 2911 by
660 2873 887 2913 Halm—‘qui

115 2916 291 2948 diadema?
315 2916 363 2946 M.
381 2916 551 2946 Antonius.
598 2916 656 2946 See
682 2916 736 2945 the
760 2916 885 2947 Introd.

932 2322 964 2350 to
981 2320 1036 2350 the
1051 2319 1254 2359 Philippicae.

966 2364 1025 2401 jus
1054 2372 1117 2392 non
1152 2363 1255 2399 dimit]
1304 2362 1356 2392 He
1387 2363 1440 2392 did
1470 2364 1528 2392 not
1565 2362 1703 2392 exercise

933 2404 1148 2445 ‘jurisdictio.'
1212 2405 1264 2434 He
1293 2405 1350 2434 left
1383 2405 1438 2435 the
1470 2405 1532 2444 city
1563 2405 1701 2445 (Introd.

931 2459 963 2488 p.
981 2448 1126 2488 456).---ι
1137 2457 1177 2477 ne
1199 2447 1399 2486 Apollinares
1424 2448 1549 2488 quidem
1576 2447 1700 2478 ludos:'

932 2492 972 2521 he
987 2501 1049 2521 was
1069 2490 1182 2520 absent
1204 2490 1284 2520 from
1303 2491 1404 2520 Rome
1423 2491 1537 2529 during
1552 2491 1605 2520 the
1622 2490 1701 2520 cele-

930 2534 1066 2569 bration,
1089 2533 1190 2562 which
1218 2533 1254 2563 C.
1275 2533 1434 2563 Antonius
1459 2533 1702 2573 superintended

930 2577 979 2607 for
994 2577 1059 2606 him
1078 2575 1216 2616 (Introd.
1233 2586 1264 2615 p.
1282 2575 1372 2616 456).

973 2621 1002 2650 4.
1028 2621 1077 2649 his
1099 2620 1177 2657 ipsis
1201 2641 1208 2648 .
1228 2641 1235 2648 .
1252 2642 1259 2648 .
1285 2619 1410 2659 diebus]
1452 2620 1512 2648 ‘iis
1541 2618 1700 2655 Muretus,

928 2663 978 2692 his
994 2662 1023 2692 V
1043 2663 1053 2691 i
1068 2661 1075 2674 ¹
1094 2660 1233 2701 (Halm),
1250 2661 1320 2690 who
1336 2662 1401 2691 also
1417 2662 1474 2691 has
1491 2664 1498 2678 ⁵
1512 2660 1572 2690 iis!

970 2706 1003 2734 in
1030 2704 1150 2743 insula]
1199 2704 1277 2733 This
1307 2704 1333 2733 is
1360 2704 1466 2734 Nesis.
1514 2703 1701 2733 “Postridie

926 2748 994 2777 iens
1017 2747 1056 2777 ad
1077 2747 1211 2777 Brutum
1233 2747 1265 2776 in
1281 2747 1433 2776 Nesidem
1453 2746 1534 2776 haec
1561 2745 1699 2785 scripsi”

928 2790 992 2830 (Ad
1008 2791 1076 2820 Att.
1094 2790 1154 2819 xvi.
1175 2788 1218 2828 l).
1264 2790 1367 2827 Again
1393 2789 1433 2818 he
1457 2799 1527 2828 says
1548 2788 1612 2827 (Ad
1630 2789 1698 2818 Att.

925 2833 988 2862 xvi.
1002 2832 1036 2873 4)
1050 2845 1056 2862 :
1083 2832 1145 2861 “in
1162 2831 1281 2861 Nesida
1292 2841 1359 2861 Vnt
1373 2832 1460 2861 Idus.
1507 2831 1556 2860 Ibi
1570 2831 1699 2860 Brutus.

933 2876 1036 2908 Quam
1054 2875 1106 2904 ille
1121 2875 1222 2904 doluit
1238 2875 1276 2904 de
1292 2874 1395 2904 Nonis
1411 2874 1517 2904 Juliis.
1563 2873 1701 2903 Mirifice

931 2921 979 2948 est
1014 2917 1231 2948 conturbatus.
1287 2917 1401 2956 Itaque
1440 2926 1473 2946 se
1509 2915 1701 2954 scripturum
