1816 3211
15 169 98 209 390
413 167 591 209 ORAT.
625 167 745 210 PRO
781 169 844 209 M.
879 167 1217 210 MARCELLO

13 280 78 322 vel
98 280 243 341 satiati
264 281 486 337 aliquando
508 297 672 324 omnem
692 296 808 338 spem
829 281 976 323 salutis
1005 282 1059 323 ad
1089 281 1354 323 clementiam
1374 282 1548 324 vict-oris
1568 286 1611 324 et

17 346 268 401 sapientiam
289 347 526 388 contulisse.

77 412 214 464 Quare
254 413 392 467 gaude
431 418 504 454 tuo
545 412 628 453 isto
669 416 757 452 tam
797 411 1017 452 excellenti
1057 412 1179 461 bono,
1223 415 1268 452 et
1307 411 1444 460 fluere
1485 427 1613 467 quum

17 477 186 519 fortuna
227 485 270 518 et
309 478 453 532 gloria,
497 482 589 537 tum
625 477 754 518 etiam
795 481 946 517 natura
987 481 1031 518 et
1074 477 1259 531 moribus
1299 477 1396 527 tuis,
1438 492 1491 519 ex
1531 493 1613 533 quo

18 543 184 597 quidem
205 543 411 583 maximus
433 546 498 583 est
518 542 682 583 fructus
707 542 1035 598 jucunditasque
1057 542 1250 597 sapienti.
1314 541 1467 584 Cetera
1488 558 1615 598 quum

17 612 93 648 tua
127 608 413 658 recordabere,
448 607 528 648 etsi
555 622 755 662 persaepe
783 607 942 658 virtuti,
971 612 1113 649 tamen
1145 599 1387 663 plerumque
1423 608 1615 649 felicitati

17 677 115 713 tuae
152 672 514 727 congratulabere.
556 673 641 713 >De
672 672 803 723 nobis,
835 688 940 728 quos
971 673 1013 713 in
1045 688 1091 714 re
1123 673 1292 728 publica
1319 678 1461 715 tecum
1493 673 1617 713 simul

18 751 109 778 esse
130 736 322 787 voluisti‚'
349 738 514 793 quoties
545 739 764 794 cogitabis,
794 738 925 779 toties
962 738 1013 779 de
1049 738 1242 779 maximis
1269 738 1355 780 tuis
1386 737 1615 788 beneficiis,
1652 772 1656 777 ,

19 803 149 844 toties
180 804 230 844 de
261 803 491 844 incredibili
520 803 785 855 liberalitate,
819 798 948 845 toties
984 804 1035 844 de
1072 803 1274 859 singulari
1305 803 1511 859 sapientia
1542 808 1618 845 tua

19 869 249 923 cogitabis3
282 883 388 924 quae
418 884 501 910 non
532 870 657 910 modo
683 884 844 910 summa
873 870 997 920 bona,
1021 870 1095 910 sed
1125 869 1323 910 nimirum
1353 869 1519 910 audebo
1550 868 1616 909 vel

20 934 109 975 sola
144 933 296 975 dicere.
359 934 522 976 Tantus
555 939 621 987 est
661 934 770 975 enim
811 934 1007 990 splendor
1042 934 1085 974 in
1114 934 1237 975 laude
1273 949 1384 983 vera,
1419 938 1541 975 tanta
1575 932 1619 973 in

19 999 308 1055 magnitudine
338 999 465 1040 animi
495 1005 538 1040 et
569 999 730 1040 consilii
762 996 958 1055 dignitas„
989 1004 1043 1055 ut,
1068 1000 1172 1040 haee
1194 993 1229 1040 ¹a
1259 999 1416 1049 virtute
1447 1000 1615 1050 donata,

21 1069 165 1106 cetera
191 1079 217 1105 a
251 1065 420 1106 fortuna
449 1065 713 1105 commodata
741 1079 832 1106 esse
863 1065 1094 1106 videantur.
1158 1065 1254 1105 Noli
1283 1064 1413 1118 igitur
1445 1063 1487 1104 in
1522 1078 1617 1104 con-

20 1129 233 1171 servandis
255 1127 385 1171 'bonis
417 1130 516 1171 viris
552 1130 786 1185 defatigari,
817 1144 901 1171 non
933 1130 1162 1184 cupiditate
1197 1129 1445 1185 praesertim
1480 1128 1619 1183 aliqua

19 1199 93 1236 aut
120 1195 329 1250 pravitate
357 1195 497 1250 lapsis,
521 1195 596 1236 sed
627 1194 820 1249 opinione
851 1194 974 1235 officii
1005 1194 1137 1236 stulta
1167 1195 1359 1244 fortasse,
1390 1198 1504 1234 certe
1535 1207 1619 1233 non

19 1259 220 1314 improba,
245 1264 288 1300 et
315 1259 452 1314 specie
483 1259 663 1316 quadam
693 1258 753 1300 rei
781 1259 997 1314 publicae;
1030 1274 1116 1300 non
1144 1259 1255 1300 enim
1282 1263 1358 1300 tua
1385 1258 1468 1299 ulla
1497 1258 1620 1313 culpa

20 1329 99 1374 est,
137 1324 172 1365 si
204 1329 248 1365 te
279 1324 407 1380 aliqui
439 1324 688 1375 timuerunt,
717 1329 946 1380 contraque
974 1339 1136 1365 summa
1169 1314 1274 1375 laus,
1306 1324 1417 1379 quod
1452 1323 1620 1364 minime

21 1389 253 1431 timendum
274 1390 401 1432 fuisse
423 1394 656 1432 senserunt.

80 1453 190 1497 VII.
223 1456 346 1497 Nunc
387 1470 485 1498 vero
525 1455 645 1497 venio
685 1454 740 1495 ad
785 1455 1074 1510 gravissimam
1114 1455 1324 1511 querelam
1359 1459 1404 1496 et
1442 1452 1621 1496 atrocis-

22 1520 171 1562 simam
224 1521 503 1577 suspicionem
558 1526 686 1572 tuam,
741 1535 848 1576 quae
902 1535 987 1561 non
1040 1520 1118 1575 tibi
1171 1520 1254 1576 ipsi
1303 1520 1438 1576 magis
1493 1533 1620 1575 quam

24 1600 153 1641 quum
202 1587 393 1627 omnibus
447 1586 618 1637 civibus,
681 1591 772 1628 tum
830 1586 1010 1627 maxime
1060 1586 1194 1635 nobis,
1244 1585 1315 1641 qui
1361 1600 1387 1626 a
1429 1590 1474 1627 te
1524 1599 1622 1626 con-

23 1651 179 1694 servati
221 1667 376 1701 sumus,
413 1652 668 1707 providenda
715 1656 807 1700 est;
861 1666 985 1706 quam
1026 1651 1108 1692 etsi
1157 1665 1281 1706 spero
1325 1651 1472 1691 falsam
1513 1663 1617 1698 esse,

23 1732 251 1772 numquam
285 1723 428 1759 tamen
468 1718 705 1759 extenuabo
745 1716 938 1771 [verbis].
1001 1715 1094 1757 Tua
1133 1716 1243 1756 enim
1293 1714 1433 1756 cautio
1473 1718 1622 1755 nostra

24 1783 165 1823 cautio
195 1793 271 1833 est,
306 1787 366 1832 ut,
402 1783 436 1822 si
467 1782 509 1822 in
544 1783 750 1823 alterutro
778 1781 1038 1836 peccandum
1068 1780 1136 1829 sit,
1164 1779 1305 1820 malim
1337 1779 1466 1821 videri
1498 1779 1621 1819 nimis

24 1846 198 1888 timidus
220 1861 344 1901 quam
370 1861 518 1901 parum
549 1847 747 1901 prudens.
812 1845 896 1886 Sed
918 1845 1104 1900 quisnam
1127 1849 1192 1886 est
1214 1844 1293 1886 iste
1315 1849 1403 1885 tam
1424 1845 1621 1885 demens?

27 1911 93 1952 De
123 1912 261 1964 tuisne
275 1911 518 1953 3—tametsi
546 1910 615 1966 qui
642 1910 777 1966 magis
806 1914 906 1951 sunt
932 1909 995 1951 tui
1029 1924 1152 1964 quam
1185 1909 1337 1965 quibus
1365 1914 1412 1951 tu
1443 1910 1622 1951 salutem

25 1976 338 2032 insperantibus
359 1975 578 2017 reddidisti
591 1977 716 2016 ss—an
737 1990 789 2016 ex
806 1990 854 2016 eo
875 1989 1047 2016 numero
1066 1975 1135 2030 qui
1156 1989 1239 2015 una
1260 1980 1401 2016 tecum
1421 1975 1619 2016 fuerunt-3

30 2041 125 2082 Non
157 2047 222 2083 est
250 2041 459 2082 credibilis
489 2045 634 2082 tantus
664 2041 706 2081 in
737 2040 820 2081 ullo
848 2041 964 2081 furor
985 2045 1046 2089 ut,
1070 2055 1151 2095 quo
1175 2040 1278 2080 duce
1300 2039 1439 2080 omnia
1460 2054 1623 2080 summa

28 2107 86 2148 sit
121 2107 312 2163 adeptus,
348 2107 473 2161 hujus
508 2106 635 2147 vitam
666 2121 750 2146 non
785 2110 1019 2161 anteponat
1052 2120 1166 2147 suae.
1231 2104 1302 2146 An
1343 2105 1378 2146 si
1418 2105 1520 2146 nihil
1560 2104 1623 2146 tui

30 2173 223 2228 cogitant
256 2172 437 2222 sceleris,
473 2172 702 2212 cavendum
735 2176 800 2212 est
834 2186 886 2212 ne
923 2170 1021 2226 quid
1053 2169 1236 2211 inimici?
1297 2170 1404 2223 Qui?
1465 2170 1623 2211 Omnes

31 2238 141 2278 enim
181 2238 251 2293 qui
290 2237 470 2287 fuerunt,
507 2241 580 2277 aut
621 2251 696 2277 sua
735 2235 966 2292 pertinacia
1004 2235 1135 2277 vitam
1169 2235 1399 2276 amiserunt
1433 2239 1510 2276 aut
1548 2240 1623 2276 tua

31 2301 317 2344 misericordia
337 2301 612 2351 retinuerunt,
637 2307 683 2343 ut
704 2306 777 2342 aut
806 2301 906 2342 nulli
937 2300 1149 2356 supersint
1171 2300 1221 2341 de
1243 2300 1432 2351 inimicis,
1456 2304 1532 2342 aut
1551 2299 1623 2355 qui

30 2368 327 2423 superfuerunt
361 2367 446 2408 sint
478 2366 729 2408 amicissimi.
807 2367 890 2408 Sed
922 2371 1080 2416 tamen,
1113 2380 1241 2421 quum
1280 2364 1323 2406 in
1362 2365 1512 2406 animis
1550 2365 1624 2406 ho-

75 2488 105 2524 7.
130 2486 379 2526 atrocissimam]
427 2486 457 2516 A
481 2486 650 2526 ‘suspicio’
674 2487 701 2516 is
727 2486 802 2526 only

33 2534 41 2548 ‘
53 2531 164 2568 atrox‚’
182 2531 314 2560 because
330 2530 365 2559 of
378 2530 432 2559 the
448 2532 563 2559 matter
578 2533 611 2559 to
627 2529 729 2559 which
748 2530 803 2559 the

32 2578 39 2591 ‘
52 2573 202 2614 suspicio’
218 2573 325 2603 refers.
372 2573 423 2602 He
446 2582 554 2602 means
571 2575 578 2589 ⁴
591 2573 749 2612 suspicion
772 2572 807 2602 of

31 2627 50 2647 a
72 2620 155 2647 most
178 2615 376 2646 abominable
392 2615 508 2645 crime)
556 2616 707 2645 Patricius
731 2615 804 2645 asks

31 2660 59 2690 if
89 2670 136 2690 we
173 2670 231 2689 can
262 2669 316 2698 say
346 2658 531 2698 ‘providere
568 2657 800 2698 suspicionem.'

32 2707 40 2720 ‘
53 2702 260 2733 Providenda’
278 2711 378 2731 seems
401 2705 433 2730 to
457 2701 537 2730 refer
552 2701 593 2740 by
608 2701 805 2740 implication

31 2749 66 2777 to
91 2746 147 2776 the
173 2749 288 2776 matter
313 2743 411 2774 about
437 2744 540 2773 which
565 2744 620 2783 the
646 2744 805 2784 suspicion

31 2790 138 2819 exists.

75 2831 267 2870 extenuabo]
295 2828 432 2860 ‘verbis’
460 2828 486 2859 is
511 2829 545 2858 in
572 2829 607 2859 F.
633 2829 682 2859 M.
729 2830 802 2859 Per-

31 2876 111 2915 haps
134 2875 160 2905 it
181 2875 208 2904 is
231 2884 272 2904 an
294 2872 529 2912 interpolation,
545 2881 578 2901 as
601 2872 707 2901 Baiter
728 2882 802 2911 sup-

31 2928 133 2957 poses.
169 2917 219 2948 He
232 2927 301 2957 says
316 2915 508 2951 afterwards,
525 2917 532 2931 *
544 2924 712 2954 augeamus
728 2925 803 2945 sane

846 2485 1056 2526 suspicionem
1085 2484 1303 2515 tuam.’—‘an
1327 2494 1366 2515 ex
1391 2494 1428 2515 eo
1452 2494 1585 2515 numero
1599 2483 1621 2515 ε’

846 2529 1030 2559 Mommsen
1057 2528 1165 2558 thinks
1191 2528 1262 2558 that
1285 2528 1376 2558 these
1399 2528 1502 2558 words
1528 2538 1580 2557 are
1603 2537 1622 2558 a

847 2573 944 2611 gloss3
968 2571 1030 2601 and
1056 2581 1090 2601 so
1113 2571 1188 2610 they
1210 2581 1282 2610 may
1302 2570 1352 2600 be.
1400 2571 1496 2605 Halm
1514 2570 1619 2600 would

847 2616 926 2645 omit
947 2613 1028 2649 ‘an,'
1054 2614 1154 2644 which
1178 2613 1289 2644 mends
1313 2614 1369 2644 the
1391 2617 1549 2650 sentence,
1572 2613 1621 2643 for

847 2658 904 2688 the
919 2661 1025 2687 orator
1048 2657 1075 2687 is
1098 2657 1173 2687 here
1188 2657 1341 2696 speaking
1356 2657 1431 2696 only
1446 2656 1481 2687 of
1497 2666 1558 2686 one
1573 2658 1621 2685 set

849 2701 884 2731 of
904 2710 988 2730 men.
1034 2700 1143 2730 Baiter
1165 2700 1223 2729 has
1244 2703 1302 2729 ‘an
1323 2709 1362 2729 ex
1383 2700 1443 2730 hoc
1462 2697 1618 2735 numero,'

848 2743 910 2774 and
926 2743 966 2773 he
981 2743 1087 2773 marks
1102 2743 1157 2773 the
1172 2742 1272 2773 words
1287 2752 1321 2772 as
1336 2742 1490 2773 doubtful.

894 2787 948 2826 qui
973 2785 1220 2825 superfuerunt]
1269 2785 1322 2815 E2.
1341 2785 1376 2816 F.
1393 2785 1453 2820 Μ.,
1475 2794 1493 2813 a
1516 2783 1620 2814 better

847 2829 976 2868 reading
1001 2829 1080 2858 than
1107 2829 1181 2869 ‘qui
1206 2827 1356 2863 fuerunt,’
1383 2827 1484 2856 which
1511 2826 1619 2856 Baiter

846 2873 921 2909 has3
949 2872 997 2902 for
1018 2874 1025 2888 ‘
1041 2870 1278 2911 superfuerunt'
1306 2870 1390 2909 gives
1413 2880 1432 2900 a
1456 2869 1614 2909 meaning,

846 2915 908 2946 and
924 2919 931 2932 ‘
945 2915 1086 2945 suerunt’
1103 2915 1210 2945 makes
1226 2922 1390 2944 uonsense.

1803 2545 1816 2670 ''ask-M
1801 2475 1816 2535 dre..
1807 2446 1816 2459 ι’
1808 2424 1810 2427 ⁴
1808 2406 1816 2410 a
1812 2372 1816 2374 .
