1816 3211
87 224 167 266 304
344 222 520 263 ORAT.
558 221 675 262 PRO
710 222 756 263 O.
790 220 1047 262 RABlRIO
1082 220 1378 262 POSTUMO

87 342 229 379 autem
258 335 393 376 facere
423 350 506 376 non
537 339 704 390 poterat
738 335 811 376 wisi
844 335 1055 375 dioecetes
1079 334 1176 388 [1100
1208 333 1318 374 0111111
1348 335 1514 376 nomine
1536 335 1670 376 utitur

89 402 158 457 qui
189 417 214 442 a
244 400 362 456 rege]
387 406 499 441 esset
530 400 797 440 constitutus.
860 400 1062 439 Odiosum
1092 398 1308 453 negotium
1340 399 1543 440 Postumo
1565 400 1674 441 vide-

86 468 224 516 batur,
258 466 330 506 sed
367 470 456 505 erat
486 464 597 504 nulla
629 464 796 504 omnino
827 465 1060 504 recusatio:
1108 463 1330 504 molestum
1366 464 1491 505 etiam
1524 480 1673 505 nomen

87 532 234 587 ipsum,
259 530 332 570 sed
354 544 419 570 res
439 529 621 569 habebat
644 543 793 568 nomen
815 528 893 568 1100
922 529 1031 582 apud
1053 527 1154 578 illos,
1179 542 1262 568 non
1292 529 1358 569 hic
1389 529 1669 584 imposuerat:

85 596 230 636 oderat
250 594 448 634 vestitum
480 592 608 632 etiam
639 592 765 642 illuni,
790 593 863 633 sed
895 592 984 633 sine
1006 607 1054 633 eo
1085 607 1162 633 nec
1192 607 1342 633 nomen
1375 594 1475 634 illud
1504 600 1673 648 poterat

87 674 162 700 nec
183 672 333 699 munus
355 658 476 699 tueri,
538 657 653 712 Ergo
679 657 864 698 “aderat
886 656 988 705 vis,''
1010 662 1058 698 ut
1079 657 1139 698 ait
1160 662 1286 712 poeta
1306 658 1371 699 ille
1392 663 1550 708 noster,

403 751 412 769 ‘
427 761 533 801 quae
555 760 735 786 summas
755 745 914 801 frangit
935 746 1199 801 infirmatque
1221 747 1345 801 opes?

90 839 341 888 Moreretur,
385 837 566 892 inquies:
614 851 711 877 nam
751 836 793 876 id
829 836 1031 891 sequitur.
1110 836 1301 878 Fecisset
1347 841 1474 886 certe,
1507 835 1541 877 si
1588 836 1676 877 sine

86 903 268 943 maximo
304 902 505 942 dedecore
555 906 643 942 tam
690 901 900 956 impeditis
941 901 1027 942 suis
1072 902 1196 942 rebus
1236 901 1444 955 potuisset
1487 900 1676 955 [emori].

89 968 176 1009 XI.
211 967 352 1009 Nolite
393 967 521 1021 igitur
559 967 770 1007 fortunam
807 972 1051 1006 convertere
1092 966 1135 1006 in
1175 966 1350 1021 culpam,
1396 981 1530 1021 neque
1565 966 1677 1021 regis

88 1032 282 1087 injuriam
314 1032 435 1086 hujus
472 1032 627 1072 crimen
660 1035 821 1085 putare,
860 1045 937 1071 nec
977 1031 1194 1071 consilium
1227 1045 1280 1071 ex
1314 1030 1566 1071 necessitate
1599 1044 1676 1070 nec

86 1098 346 1138 voluntatem
377 1111 428 1136 ex
459 1096 497 1136 vi
528 1095 806 1149 interpretari,
839 1095 917 1135 nisi
948 1095 1056 1136 forte
1088 1110 1160 1135 eos
1190 1095 1332 1144 etiam,
1355 1095 1424 1149 qui
1457 1095 1498 1135 in
1530 1095 1674 1135 hostes

86 1166 160 1203 aut
191 1162 232 1202 in
262 1161 494 1216 praedones
524 1160 757 1210 inciderint,
781 1160 816 1200 si
837 1160 960 1201 aliter
982 1160 1193 1214 quippiam
1214 1159 1348 1200 coacti
1376 1159 1530 1200 faciant
1552 1173 1675 1214 quam

86 1226 226 1273 libere,
248 1225 543 1279 vituperandos
563 1232 698 1278 putes.
760 1223 894 1264 Nemo
916 1229 1108 1264 nostrum
1128 1223 1305 1277 ignorat,
1330 1223 1494 1263 etiamsi
1515 1223 1678 1277 experti

86 1305 168 1331 non
197 1304 351 1339 sumus,
386 1288 729 1329 consuetudinem
760 1288 932 1343 regiam.
994 1288 1160 1343 Regum
1180 1293 1323 1328 autem
1353 1293 1453 1329 sunt
1480 1287 1680 1328 1131001111-

86 1355 228 1409 peria:
271 1353 601 1394 ‘animadverte'
632 1358 687 1404 et,
725 1352 861 1393 ‘dicto
893 1367 992 1407 pare
1009 1353 1034 1393 ε’
1065 1357 1121 1403 et,
1157 1356 1346 1407 ‘praeter
1381 1352 1612 1406 rogitatum
1642 1352 1677 1392 si

86 1419 183 1475 quid
199 1419 224 1460 ε’
246 1424 289 1461 et
310 1419 403 1460 illae
424 1419 572 1469 minae,

460 1504 470 1521 ‘
489 1499 533 1539 Si
555 1505 597 1540 te
619 1499 802 1540 secundo
823 1498 976 1539 lumine
998 1498 1064 1539 1110
1087 1498 1309 1549 offendero,

484 1564 660 1605 moriere
678 1564 703 1605 ε’

86 1659 191 1698 quae
221 1658 302 1684 non
334 1647 382 1684 ut
412 1643 666 1683 delectemur
697 1643 832 1683 solum
861 1642 1000 1697 legere
1022 1646 1065 1683 et
1086 1641 1509 1696 spectarebdebemus,
1534 1641 1607 1682 sed
1628 1645 1678 1682 ut

86 1724 233 1751 cavere
255 1708 383 1750 etiam
405 1712 447 1748 et
469 1707 650 1761 effugere
673 1707 895 1747 discamus.

145 1774 208 1815 At
247 1788 299 1813 ex
339 1773 417 1812 hoc
457 1772 547 1826 ipso
590 1772 746 1812 crimen
787 1771 987 1811 exoritur.
1049 1770 1127 1811 Ait
1169 1770 1291 1819 enim,
1331 1769 1511 1810 Gabinio
1545 1783 1671 1823 quum

85 1837 304 1892 pecuniam
327 1837 555 1877 Postumus
577 1841 758 1890 cogeret,
795 1834 888 1889 [ex]
913 1834 1099 1874 decumis
1126 1835 1424 1888 imperatorum
1456 1834 1676 1888 pecuniam

85 1902 163 1943 sibi
195 1901 393 1956 coegisse.
458 1901 554 1941 Non
590 1900 779 1954 intelligo
817 1900 894 1939 hoc
933 1898 1053 1953 quale
1091 1899 1172 1947 sit3
1220 1904 1360 1940 utrum
1394 1899 1677 1939 accessionem

87 1969 298 2017 decumae,
322 1971 371 2008 ut
398 1966 528 2006 nostri
559 1966 695 2006 facere
728 1970 945 2005 coactores
976 1963 1112 2005 solent
1134 1964 1372 2014 centesima,
1396 1979 1449 2004 an
1472 1963 1678 2004 decessio-

88 2088 195 2126 Halm‚
211 2088 369 2127 following
380 2088 522 2126 Madvig,
545 2087 602 2117 has
619 2087 737 2117 ‘utitur
753 2087 806 2127 qui
822 2097 858 2117 ea

85 2132 291 2170 regit—esset
307 2130 516 2160 constitutus.'

123 2174 236 2213 poeta]
286 2174 346 2203 We
362 2173 402 2203 do
426 2177 482 2203 not
500 2173 593 2202 know
616 2173 686 2202 who
707 2173 762 2202 the
785 2176 858 2212 poet

86 2216 176 2246 is.-—‘
188 2216 346 2255 impeditis
361 2215 380 2246 :'
404 2216 453 2245 ed.
473 2216 563 2246 Junt.
579 2227 586 2251 ;
620 2219 627 2232 ‘
641 2215 855 2254 impudentis.’

86 2259 176 2289 codd.
185 2258 323 2299 (Halm).
340 2259 488 2288 Patricius
499 2259 635 2297 thought
647 2259 716 2287 that
727 2257 853 2287 ‘emori’

86 2312 148 2331 was
163 2312 181 2331 a
197 2302 289 2340 gloss.
337 2302 433 2331 Halm
450 2301 552 2330 would
569 2304 679 2340 expect
697 2304 703 2317 ⁶
718 2300 820 2330 mori.'

133 2345 182 2375 11.
208 2354 300 2382 quam
329 2344 441 2383 libere]
470 2344 621 2373 Patricius
651 2343 759 2373 thinks
789 2344 858 2373 that

86 2386 176 2415 these
199 2386 300 2416 words
326 2397 378 2416 are
393 2397 411 2416 a
426 2387 520 2426 gloss,
543 2387 604 2416 and
634 2386 763 2416 ‘aliter'
789 2397 858 2426 per-

87 2429 165 2467 haps
191 2431 255 2458 too.
316 2429 422 2465 Halm,
454 2429 614 2468 following
644 2429 774 2468 Madvig
798 2429 860 2458 and

87 2471 279 2507 Mommsen,
295 2471 351 2500 has
368 2475 375 2488 ⁴
389 2482 424 2502 ac
440 2472 552 2501 liberi.'

133 2514 171 2543 Si
198 2516 227 2544 te
252 2514 404 2553 secundo]
439 2515 541 2544 These
569 2514 671 2544 words
702 2524 753 2544 are
780 2514 860 2544 from

88 2555 220 2586 Ennius’
245 2557 430 2586 translation
447 2558 482 2587 of
494 2557 672 2596 Euripides'
688 2557 814 2594 Medea,
831 2567 860 2586 v.

145 2657 171 2687 εἴ
189 2655 217 2686 (τ’
236 2655 255 2693 ἡ
274 2655 406 2687 ’πιοῦσα
424 2658 563 2697 λαμπὰς
579 2658 696 2699 ὄψεται
714 2658 800 2688 Θεοῦ.

87 2724 196 2754 Cicero
209 2723 266 2752 has
281 2723 345 2752 this
361 2733 447 2753 verse
463 2725 563 2762 again,
581 2725 630 2754 Ad
646 2725 713 2755 Att.
737 2725 787 2754 vii.
806 2727 858 2761 26,

87 2767 189 2796 where
205 2766 244 2795 he
259 2766 378 2805 applies
394 2766 418 2794 it
434 2770 466 2795 to
484 2767 596 2796 Caesar
611 2768 643 2796 in
660 2777 724 2797 B.c.
742 2770 793 2798 49.

135 2809 269 2838 Gabinio
297 2807 409 2847 quum]
447 2812 453 2824 ‘
469 2819 565 2847 quum
581 2809 588 2821 ’
612 2810 638 2838 is
668 2814 724 2839 not
748 2810 782 2839 in
806 2810 860 2839 the

87 2852 183 2882 MSS.
232 2850 303 2880 Itis
327 2851 382 2880 the
406 2850 546 2879 addition
569 2852 604 2880 of
632 2853 861 2882 Lambinus.—

88 2898 96 2912 ‘
109 2894 246 2924 decumis
276 2893 499 2932 imperatorum
513 2892 532 2921 ε’
579 2894 751 2923 Lambinus
782 2905 855 2934 pro-

87 2947 178 2976 poses
194 2940 201 2953 ‘
214 2935 396 2976 imperatis,'
421 2945 456 2965 or
472 2945 516 2965 we
538 2935 649 2965 should
665 2937 857 2967 understand

904 2085 1169 2125 ‘imperatorum’
1204 2086 1288 2123 thus,
1322 2086 1395 2116 ‘the
1424 2086 1532 2116 tenths
1562 2085 1598 2115 of
1623 2085 1679 2115 the

902 2139 1016 2167 money
1040 2129 1108 2158 that
1139 2139 1199 2158 was
1230 2129 1396 2168 imposed.'
1443 2129 1573 2167 Madvig
1604 2138 1676 2167 pro-

902 2182 993 2211 poses
1010 2176 1016 2188 ‘
1029 2171 1175 2201 decumas
1187 2172 1412 2211 imperatarum
1423 2171 1648 2210 pecuniarum!

946 2214 1131 2253 centesima]
1174 2217 1193 2231 “
1206 2216 1343 2244 centima
1376 2214 1465 2244 codd.
1507 2215 1677 2244 centesima

900 2257 949 2287 ed.
963 2256 1072 2286 Basl.’'
1098 2257 1206 2293 Halm,
1220 2257 1404 2287 who-writes
1421 2259 1429 2274 ⁴
1440 2257 1472 2286 in
1485 2255 1676 2290 centesima‚’

901 2300 1002 2329 which
1020 2310 1090 2339 may
1107 2299 1146 2329 be
1169 2300 1264 2338 right.
1309 2300 1378 2329 The
1401 2298 1599 2329 ‘coactores'
1625 2308 1678 2328 are

901 2343 956 2372 the
973 2342 1138 2372 collectors
1155 2343 1190 2372 of
1199 2343 1254 2372 the
1271 2342 1443 2372 Publicani.
1489 2342 1579 2380 They
1595 2351 1678 2370 were

903 2385 975 2424 paid
992 2395 1027 2414 01·
1037 2385 1111 2424 they
1127 2385 1198 2424 paid
1215 2385 1403 2414 themselves
1420 2385 1467 2414 for
1482 2384 1537 2414 the
1553 2383 1678 2413 trouble

904 2428 939 2457 of
951 2427 1116 2466 collecting
1138 2428 1178 2466 by
1194 2438 1212 2456 a
1238 2438 1299 2458 one
1313 2437 1369 2466 per
1391 2430 1472 2457 cent.
1489 2436 1522 2456 as
1538 2437 1584 2456 we
1606 2436 1678 2464 may

905 2480 1050 2509 suppose,
1075 2471 1107 2499 in
1124 2470 1264 2499 addition
1285 2474 1319 2500 to
1340 2471 1394 2499 the
1419 2479 1489 2499 sum
1514 2468 1675 2499 collected.

905 2513 967 2542 We
982 2513 1060 2542 have
1076 2513 1222 2542 evidence
1242 2513 1277 2542 of
1298 2513 1360 2542 this
1384 2513 1520 2551 knavery
1536 2512 1630 2550 being
1645 2511 1679 2540 in

907 2555 1029 2584 fashion
1054 2554 1171 2595 (comp.
1200 2555 1288 2585 Verr.
1312 2556 1343 2585 ii.
1368 2557 1399 2590 3,
1427 2565 1453 2584 0.
1472 2557 1512 2585 49
1532 2554 1593 2583 and
1609 2554 1677 2591 50).

907 2598 975 2628 The
1014 2598 1236 2627 ‘deductiones
1250 2598 1257 2611 '
1311 2608 1364 2628 are
1396 2598 1461 2627 also
1498 2596 1679 2626 mentioned

904 2639 1008 2679 (Verr.
1026 2641 1056 2669 ii.
1085 2642 1116 2676 3,
1142 2651 1168 2670 c.
1195 2642 1236 2675 78
1251 2640 1312 2670 and
1334 2641 1388 2670 the
1404 2640 1559 2680 note).-‘
1573 2639 1612 2668 ab
1628 2638 1676 2667 his

903 2682 1097 2712 aestimata?
1121 2682 1162 2722 by
1187 2683 1241 2712 the
1264 2683 1404 2713 Judices.
1451 2683 1484 2711 If
1509 2682 1675 2711 Postumus

903 2725 1004 2755 added
1030 2730 1084 2755 ten
1114 2735 1170 2764 per
1196 2730 1290 2761 cent.‚
1316 2725 1467 2755 Gabinius
1489 2727 1544 2762 got
1568 2723 1676 2752 eleven

904 2768 1061 2797 thousand
1085 2768 1211 2798 talents.
1258 2768 1291 2797 If
1312 2768 1351 2797 he
1375 2768 1451 2797 took
1471 2767 1525 2796 the
1545 2768 1599 2794 ten
1620 2775 1676 2803 per

905 2814 986 2840 cent.
1004 2811 1083 2840 from
1100 2811 1154 2839 the
1170 2814 1224 2840 ten
1241 2810 1406 2845 thousand,
1434 2808 1585 2839 Gabinius
1601 2807 1676 2845 only

904 2857 959 2892 got
984 2853 1058 2882 nine
1087 2853 1254 2882 thousand.
1300 2852 1365 2882 But
1388 2852 1428 2880 he
1453 2860 1515 2879 was
1541 2849 1676 2888 charged

901 2895 976 2925 with
993 2895 1148 2933 receiving
1165 2899 1217 2925 ten
1228 2894 1394 2925 thousand.
1440 2892 1579 2928 Besides,
1597 2892 1674 2921 such

901 2948 920 2967 a
938 2938 1022 2977 large
1037 2938 1177 2968 addition
1193 2948 1226 2967 as
1242 2936 1409 2967 one-tenth
1430 2938 1463 2965 to
1486 2935 1541 2965 the
1557 2945 1627 2965 sum
1644 2933 1680 2963 of
