1816 3211
152 157 234 198 586
343 156 520 198 ORAT.
555 155 1069 198 PHILIPPIOARUM
1105 155 1290 197 LIBER
1323 155 1582 199 SEXTUS.

149 270 311 312 mastis.
373 270 470 311 Hoc
497 275 637 312 vestro
663 270 823 325 judicio
852 274 973 312 tanto
998 274 1168 324 tamque
1196 270 1410 324 praeclaro
1441 271 1649 312 excitatus
1680 270 1739 310 ita

153 334 356 376 Kalendis
391 335 608 376 Januariis
641 335 732 376 veni
774 336 815 375 in
848 340 1042 376 senatum
1077 340 1126 375 ut
1165 335 1446 376 meminissem
1486 351 1608 390 quam
1648 351 1738 390 per-

150 414 296 441 sonam
336 399 576 455 impositam
617 415 641 440 a
674 400 792 440 vobis
833 400 1094 440 sustinerem.
1159 399 1310 454 Itaque
1351 400 1505 440 bellum
1538 401 1741 442 nefarium

148 464 311 506 illatum
341 466 399 505 rei
431 464 622 519 publicae
653 479 780 518 quum
800 464 995 514 viderem,
1022 464 1176 504 nullam
1206 479 1366 505 moram
1396 465 1741 520 interponendam

150 529 395 584 insequendi
433 530 497 569 M.
528 529 762 570 Antonium
793 528 948 583 putavi,
982 529 1272 585 hominemque
1303 530 1637 579 audacissimum,
1671 530 1741 585 qui

150 595 293 635 multis
328 594 497 634 nefariis
536 594 660 635 rebus
701 598 801 635 ante
841 594 1075 635 commissis
1112 595 1190 635 hoc
1225 600 1413 650 tempore
1449 594 1741 650 imperatorem

149 658 291 714 populi
323 659 501 699 Romani
535 663 808 714 oppugnaret,
837 658 1041 699 coloniam
1069 664 1253 700 vestram
1285 659 1528 701 fidissimam
1563 660 1740 701 fortissi-

149 739 342 780 mamque
383 724 609 774 obsideret,
652 724 760 765 bello
801 724 942 765 censui
983 726 1343 780 persequendum3
1389 725 1615 767 tumultum
1649 739 1741 776 esse

151 789 327 841 decrevi,
347 789 559 845 justitium
586 790 705 840 edici,
730 804 833 845 saga
861 789 967 830 sumi
1001 789 1086 830 dixi
1118 790 1294 845 placere,
1319 805 1400 845 quo
1432 805 1576 831 omnes
1606 790 1742 831 acrius

150 857 400 913 graviusque
432 849 721 897 incumberent
756 856 810 896 ad
846 855 1107 896 ulciscendas
1148 855 1207 896 rei
1249 856 1439 910 publicae
1479 855 1666 910 injurias,
1707 854 1742 895 si

152 922 291 963 onmia
311 921 545 977 gravissimi
567 921 663 961 belli
692 920 871 976 insignia
893 925 1089 975 suscepta
1110 935 1135 961 a
1157 926 1307 962 senatu
1328 921 1531 962 viderent.
1593 920 1742 975 Itaque

151 987 255 1028 haec
276 986 497 1032 sententia,
523 985 719 1036 Quirites,
743 985 803 1026 sic
831 1000 905 1040 per
933 984 1118 1026 triduum
1140 985 1270 1026 valuit
1299 990 1348 1026 ut
1378 1000 1629 1041 quamquam
1661 985 1742 1025 dis-

152 1052 283 1093 cessio
305 1052 416 1093 facta
437 1066 520 1092 non
543 1056 667 1099 esset,
691 1055 835 1091 tamen
856 1054 1024 1104 praeter
1051 1065 1208 1105 paucos
1230 1065 1374 1091 omnes
1405 1051 1505 1091 mihi
1533 1050 1743 1092 assensuri

151 1117 407 1159 viderentur.
485 1116 705 1157 Hodierno
746 1120 889 1156 autem
930 1115 996 1155 die
1041 1116 1182 1156 nescio
1224 1131 1305 1170 qua
1348 1116 1447 1169 [eis]
1492 1117 1659 1170 objecta
1698 1130 1743 1156 re

151 1182 364 1224 remissior
384 1186 556 1223 senatus
575 1181 680 1228 fuit-3
717 1195 814 1220 nam
844 1180 982 1234 plures
1013 1195 1105 1221 eam
1133 1180 1384 1221 sententiam
1406 1180 1542 1221 secuti
1563 1184 1672 1228 sunt,
1695 1183 1744 1221 ut

152 1252 354 1302 quantum
387 1251 558 1288 senatus
590 1245 822 1286 auctoritas
854 1249 1074 1300 vesterque
1109 1260 1336 1286 consensus
1367 1245 1478 1300 apud
1511 1245 1746 1287 Antonium

150 1312 353 1354 valiturus
375 1316 487 1353 esset
514 1326 588 1366 per
608 1311 771 1366 legatos
792 1310 1088 1365 experiremur.

210 1377 272 1418 ΙΙ.
307 1377 515 1432 Intelligo,
541 1376 740 1429 Quirites,
763 1390 787 1416 a
808 1376 926 1417 vobis
950 1376 1057 1417 hanc
1086 1376 1339 1417 sententiam
1366 1376 1587 1432 repudiari,
1610 1390 1744 1431 neque

151 1443 315 1498 injuria.
377 1443 449 1483 Ad
478 1457 601 1498 quem
627 1442 737 1483 enim
769 1442 961 1498 legatos?
1002 1442 1057 1482 ad
1087 1456 1236 1482 eumne
1268 1441 1338 1497 qui
1373 1441 1550 1497 pecunia
1579 1442 1746 1496 publica

153 1508 357 1563 dissipata
391 1513 518 1563 atque
554 1508 697 1557 effusa,
733 1522 809 1563 per
848 1507 931 1548 vim
962 1511 1006 1548 et
1041 1512 1190 1548 contra
1221 1507 1407 1562 auspicia
1442 1506 1648 1562 impositis
1684 1506 1745 1548 rei

151 1573 343 1629 publicae
359 1573 534 1628 legibus,
557 1573 704 1628 fugata
727 1572 933 1622 contione,
958 1573 1131 1613 obsesso
1160 1577 1322 1622 senatu,
1345 1573 1399 1613 ad
1430 1572 1745 1628 opprimendam

151 1654 240 1680 rem
271 1638 482 1694 publicam
507 1637 730 1679 Brundisio
763 1637 952 1692 legiones
987 1637 1237 1686 arcessierit,
1275 1638 1328 1678 ab
1359 1637 1409 1677 iis
1445 1637 1617 1677 relictus
1648 1651 1745 1677 cum

152 1705 366 1746 latronum
396 1718 523 1744 manu
558 1703 600 1743 in
629 1702 807 1743 Galliam
835 1702 1044 1757 irruperit,
1070 1702 1250 1743 Brutum
1279 1706 1502 1756 oppugnet,
1530 1701 1744 1742 Mutinam

154 1769 483 1810 circumsedeat?
545 1769 661 1821 Quae
682 1767 799 1808 vobis
820 1772 963 1822 potest
984 1782 1077 1808 cum
1107 1767 1187 1808 hoc
1218 1767 1450 1821 gladiatore
1478 1766 1740 1816 conditionis,

154 1833 393 1889 aequitatis,
417 1833 642 1889 legationis
663 1847 753 1873 esse
776 1832 1081 1873 communitas?
1142 1831 1414 1887 Quamquam,
1441 1832 1637 1884 Quirites,
1659 1846 1744 1872 non

154 1904 220 1940 est
248 1899 315 1939 illa
341 1898 509 1953 legatio,
542 1898 616 1939 sed
646 1897 908 1938 denuntiatio
940 1897 1049 1946 belli,
1086 1897 1166 1938 nisi
1195 1897 1409 1952 paruerim
1449 1897 1510 1938 ita
1539 1896 1648 1937 enim
1679 1901 1744 1938 est

154 1965 369 2005 decretum
408 1968 455 2004 ut
495 1964 529 2004 si
569 1963 699 2018 legati
739 1963 793 2004 ad
836 1962 1119 2003 Hannibalem
1159 1963 1442 2003 mitterentur.
1506 1962 1744 2003 Mittuntur

154 2029 263 2070 enim
285 2028 354 2084 qui
375 2028 582 2078 nuntient,
606 2043 657 2069 ne
684 2033 899 2083 oppugnet
921 2028 1132 2069 consulem
1155 2027 1432 2082 designatum,
1455 2042 1507 2067 ne
1531 2027 1745 2068 Mutinam

155 2095 356 2146 obsideat,
390 2109 441 2135 ne
478 2093 732 2149 provinciam
768 2093 1057 2149 depopuletur,
1091 2107 1144 2133 ne
1180 2092 1370 2133 delectus
1406 2093 1571 2142 habeat,
1611 2092 1666 2133 sit
1701 2092 1745 2133 in

199 2220 292 2249 qnam
304 2209 491 2249 personam]
523 2211 531 2226 ‘
544 2208 628 2238 what
644 2207 826 2244 characterss
843 2208 927 2238 what
970 2208 1006 2238 of
1023 2207 1103 2247 Ops.
1122 2206 1242 2238 Introd.
1260 2217 1291 2247 p.
1309 2209 1437 2238 454.—¹
1452 2208 1620 2238 Brundisio
1640 2217 1743 2237 arces-

154 2257 226 2293 part
241 2253 282 2282 he
295 2253 358 2282 had
373 2256 406 2283 to
422 2253 505 2292 play.
552 2252 610 2282 See
626 2252 715 2281 Verr.
733 2252 763 2282 ii.
780 2254 811 2286 2,
828 2262 854 2281 c.
875 2252 924 2288 17,

155 2296 218 2326 and
241 2296 295 2325 the
316 2299 391 2325 note
411 2306 451 2325 on
475 2294 650 2334 ‘personas
699 2295 750 2324 He
777 2305 847 2334 says
880 2295 930 2324 De

157 2339 233 2377 Leg.
245 2339 356 2376 Agrar.
368 2339 399 2368 ii.
414 2348 440 2368 e.
457 2340 495 2368 18
508 2350 514 2368 z
541 2342 559 2355 “
573 2348 625 2367 vos
637 2338 713 2367 mihi
727 2338 863 2377 praetori
877 2360 884 2367 .
898 2360 905 2368 .
920 2359 928 2367 .

156 2381 237 2411 hanc
253 2391 419 2420 personam
436 2380 665 2420 imposuistis.'’

201 2425 356 2453 coloniam
379 2424 532 2463 vestram]
590 2424 775 2454 Mutina.—
788 2427 794 2440 ‘
809 2423 887 2453 edici
906 2423 925 2453 :'

156 2466 244 2497 there
260 2467 286 2496 is
302 2477 320 2495 a
334 2467 462 2505 reading
479 2467 614 2496 ‘indicis

196 2520 258 2549 per
275 2509 434 2548 triduum]
463 2509 478 2539 I
493 2520 628 2549 suppose
644 2509 714 2539 that
729 2509 770 2539 he
785 2508 927 2539 includes

157 2553 212 2582 the
240 2553 288 2582 lst
311 2552 346 2582 of
366 2552 571 2592 January.—‘
586 2552 765 2582 discessi0:⁷
795 2562 846 2582 see
873 2552 928 2582 the

158 2596 325 2626 Index—⁴
342 2605 458 2634 paucos
503 2595 645 2625 homines
693 2605 803 2625 omnes
821 2595 840 2624 :’
887 2595 926 2624 V.

160 2639 246 2669 Here
276 2648 320 2667 we
351 2638 429 2667 have
459 2648 476 2666 a
506 2639 585 2676 good
618 2639 761 2677 example
797 2638 831 2668 of
866 2641 927 2667 two

159 2682 303 2720 readings
333 2681 427 2719 being
458 2681 640 2710 introduced
670 2682 737 2710 into
762 2682 816 2711 the
846 2684 925 2710 text.

158 2725 228 2754 The
239 2724 339 2753 words
357 2726 364 2740 ‘
376 2723 518 2752 homines
531 2723 538 2736 '
556 2724 616 2752 and
635 2727 641 2739 ‘
655 2733 762 2753 omnes
775 2724 781 2737 ⁷
795 2734 846 2753 are
857 2734 930 2753 con-

159 2767 293 2806 tinually
314 2766 577 2797 confounded.—‘
587 2767 631 2795 eis
644 2766 662 2795 :’
687 2767 715 2795 V
732 2767 787 2796 has
806 2767 930 2806 ‘quaeis

159 2811 349 2849 objectarem
365 2809 523 2839 remissior
535 2808 554 2837 2'
573 2808 650 2838 ‘eis'
664 2819 726 2838 om.
739 2810 759 2838 i.
792 2810 931 2839 Faernus

159 2863 309 2894 proposes
326 2856 333 2870 ‘
345 2853 374 2883 ei
387 2853 394 2866 ’
411 2853 460 2882 for
476 2855 483 2869 ‘
495 2851 562 2882 eis!

203 2899 233 2927 2.
252 2897 392 2936 pecunia
402 2895 551 2936 publica]
599 2894 667 2925 Out
682 2893 716 2924 of
739 2894 793 2924 the
813 2895 930 2934 temple

971 2250 1088 2281 sierit:’
1113 2251 1272 2281 Antonius
1289 2255 1371 2281 went
1392 2254 1425 2281 to
1446 2251 1531 2281 fetch
1556 2251 1644 2281 them
1673 2250 1744 2291 (In-

973 2294 1055 2324 trod.
1073 2298 1105 2323 to
1123 2294 1203 2323 Phil.
1222 2293 1292 2334 iii.).

1017 2347 1056 2367 ne
1072 2336 1227 2376 delectus]
1275 2337 1289 2366 I
1303 2336 1422 2366 believe
1438 2337 1507 2366 that
1523 2337 1539 2367 Ι
1554 2337 1634 2366 have
1649 2346 1744 2376 genc-

971 2380 1048 2419 rally
1065 2380 1193 2409 allowed
1207 2384 1214 2396 ‘
1226 2379 1381 2409 delectus'
1399 2383 1432 2409 to
1449 2380 1552 2410 stand.
1588 2380 1603 2409 I
1617 2390 1668 2409 am
1686 2382 1744 2409 not

972 2433 1042 2452 sure
1058 2423 1127 2452 that
1142 2423 1197 2452 the
1213 2423 1327 2452 editors
1343 2423 1378 2452 of
1398 2422 1525 2453 Orelli’s
1542 2423 1650 2453 Cicero
1665 2423 1745 2452 have

971 2466 1084 2505 always
1099 2466 1239 2495 retained
1264 2469 1270 2482 ‘
1285 2464 1438 2495 dilectus.'
1483 2466 1551 2495 The
1566 2469 1627 2495 two
1643 2465 1744 2495 words

971 2519 1052 2538 were
1082 2509 1242 2545 confused,
1270 2509 1331 2538 and
1361 2509 1495 2548 perhaps
1532 2509 1610 2538 both
1645 2508 1744 2538 forms

972 2562 1052 2581 were
1078 2551 1165 2587 used,
1191 2562 1224 2581 as
1248 2552 1281 2581 in
1306 2552 1501 2581 ‘deminutio
1525 2551 1657 2591 capitis‚’
1682 2551 1744 2580 and

973 2597 980 2611 ‘
993 2594 1181 2624 diminutio!
1228 2595 1375 2624 Muretus
1392 2594 1468 2634 (Op.
1480 2594 1551 2624 Vol.
1568 2595 1600 2624 ii.
1618 2605 1647 2634 p.
1665 2593 1742 2633 9517)

972 2648 1041 2677 says
1066 2638 1100 2667 of
1121 2637 1306 2667 ‘dilectusz’
1346 2639 1422 2667 “At
1449 2647 1571 2677 semper
1600 2638 1633 2667 in
1662 2637 1743 2666 anti-

972 2681 1124 2720 quissimo
1145 2681 1347 2719 epistolarum
1364 2680 1480 2716 codice,
1497 2685 1529 2710 et
1545 2681 1609 2710 fere
1621 2689 1744 2717 semper

975 2724 1007 2752 in
1034 2723 1198 2753 Pandectis
1226 2723 1425 2757 Florentinis,
1457 2724 1500 2753 ita
1526 2723 1558 2752 in
1584 2732 1621 2752 eo
1648 2723 1742 2751 etiam

974 2767 1054 2796 libro
1077 2777 1114 2795 ex
1135 2776 1196 2805 quo
1218 2767 1294 2796 haec
1320 2767 1485 2796 emendata
1510 2769 1593 2801 sunt,
1621 2774 1744 2803 semper

975 2809 1035 2839 hoc
1065 2819 1181 2839 nomen
1212 2819 1267 2848 per
1297 2809 1419 2838 literam
1444 2811 1465 2846 i,
1490 2819 1555 2839 non
1584 2817 1640 2848 per
1661 2817 1687 2845 e,
1711 2807 1744 2837 in

974 2853 1076 2892 prima
1092 2852 1211 2892 syllaba
1227 2851 1407 2883 scribitur.''
