1816 3211
254 187 337 227 482
400 184 578 226 ORAT.
615 182 1131 225 PHILIPPIOARUM
1168 182 1354 223 LIBER
1386 180 1727 226 SECUNDUS.

253 297 353 338 nihil
387 312 532 352 sapere
560 297 716 337 docuit.
779 296 887 348 Quid
921 295 1030 335 enim
1059 300 1125 336 est
1155 295 1303 343 minus,
1326 310 1408 336 non
1438 296 1532 337 dico
1558 296 1747 342 oratoris,
1771 310 1816 336 se

253 362 444 411 hominis,
484 377 607 416 quam
641 362 680 400 id
703 362 881 415 objicere
917 360 1165 409 adversario,
1203 361 1313 414 quod
1346 360 1413 401 ille
1445 361 1479 401 si
1511 362 1634 401 verbo
1666 360 1816 415 negari·

252 427 416 481 longius
439 426 629 480 progredi
653 439 732 464 non
756 425 889 479 possit
910 424 979 479 qui
1002 424 1230 478 objecerit?
1290 424 1352 465 At
1374 439 1453 479 ego
1474 440 1556 465 non
1577 440 1696 480 nego,
1721 431 1816 479 tequ

253 491 295 531 in
317 491 398 531 isto
421 491 508 544 ipso
530 489 728 529 convinco
751 504 832 529 non
855 489 1174 530 inhumanitatis
1202 489 1348 537 solum,
1372 489 1445 529 scd
1467 489 1593 529 etiam
1624 490 1816 530 amentia(

255 555 375 605 Quod
405 554 513 594 enim
545 554 716 593 verbum
752 553 792 592 in
829 553 922 594 istis
957 553 1110 594 litteris
1144 558 1209 594 est
1245 568 1326 593 non
1358 553 1524 608 plenum
1556 553 1816 594 humanitatis

254 618 387 667 officii,
420 616 763 658 benevolentiae?
825 617 959 657 Omne
995 623 1137 658 autem
1171 618 1326 659 crimen
1357 623 1478 659 tuum
1500 623 1577 667 est,
1602 618 1711 672 quod
1732 618 1816 658 det

252 682 293 722 in
315 682 380 723 his
400 682 552 723 litteris
573 697 655 722 non
676 682 782 722 male
803 682 1050 730 existimem,
1068 683 1177 737 quod
1195 682 1373 722 scribam
1394 690 1608 737 tamquam
1629 682 1682 722 ad
1700 682 1816 723 civen

251 752 468 803 tamquam
499 748 551 787 ad
583 748 737 788 bonum
758 747 901 796 virum,
938 762 1020 787 non
1054 753 1265 802 tamquam
1287 748 1341 788 ad
1363 747 1612 788 sceleratum
1643 751 1688 788 et
1717 747 1816 793 latr(

251 827 359 853 nem.
412 812 475 853 At
496 826 573 866 ego
596 816 693 854 tuas
714 812 890 861 litteras,
914 812 994 853 etsi
1011 813 1107 866 jure
1127 818 1318 867 poteram
1339 827 1364 853 a
1385 818 1428 853 te
1448 811 1679 861 lacessitus,
1702 816 1814 852 tame

252 891 334 917 non
366 877 603 931 proferam3
638 877 788 930 quibus
820 877 930 931 petis
952 881 1000 917 ut
1027 877 1105 917 tibi
1139 892 1211 931 per
1231 872 1297 917 nie
1318 877 1444 917 liceat
1475 877 1680 932 quendam
1702 876 1752 916 de
1774 890 1816 916 ex

251 942 343 982 silio
365 942 575 992 reducere,
608 942 861 996 adjurasque
883 942 925 982 id
957 946 999 982 te
1020 941 1150 982 invito
1171 956 1237 982 me
1258 957 1341 982 non
1362 956 1453 982 esse
1474 942 1695 990 facturum,
1720 940 1816 995 idqu

251 1018 277 1044 a
297 1019 363 1044 me
384 1003 595 1058 impetras.
658 1004 766 1056 Quid
788 1006 896 1046 enim
922 1021 988 1046 me
1019 1006 1327 1060 interponerem
1357 1006 1555 1046 audaciae
1585 1011 1696 1054 tuae,
1720 1020 1816 1060 quat

251 1083 385 1123 neque
416 1069 650 1126 auctoritas
686 1070 812 1124 hujus
845 1071 1001 1111 ordinis
1036 1085 1169 1125 neque
1205 1070 1460 1111 existimatio
1490 1070 1631 1125 populi
1665 1070 1816 1109 Romar

249 1148 383 1188 neque
405 1125 646 1187 legesiillae
677 1139 850 1187 possent
881 1136 1100 1175 coercere?
1162 1134 1466 1175 Verumtamen
1497 1136 1594 1189 quid
1615 1140 1706 1175 erat
1733 1149 1811 1189 quo

249 1209 314 1234 me
336 1209 519 1248 rogares,
544 1194 578 1234 si
600 1201 691 1235 erat
712 1195 747 1235 is
769 1196 818 1235 de
840 1210 920 1250 quo
942 1196 1123 1250 rogabas
1146 1195 1334 1236 Caesaris
1362 1196 1453 1250 lege
1473 1196 1699 1236 reductus?
1760 1196 1813 1236 Sc

249 1258 440 1299 videlicet
471 1273 605 1298 meam
635 1259 816 1312 gratiam
847 1260 978 1300 voluit
1009 1274 1111 1310 esse,
1143 1260 1183 1299 in
1214 1274 1295 1315 quo
1326 1275 1378 1300 ne
1406 1260 1535 1315 ipsius
1571 1259 1735 1314 quidem
1761 1259 1816 1300 ull

249 1337 341 1363 esse
362 1328 532 1378 poterat
553 1323 646 1379 lege
667 1324 765 1365 lata.

308 1387 364 1428 V.
399 1388 481 1428 Sed
502 1403 627 1442 quum
649 1388 762 1438 mihi,
787 1392 928 1443 patres
950 1389 1188 1444 conscripti,
1214 1394 1257 1430 et
1273 1404 1348 1444 pro
1369 1404 1436 1430 me
1457 1388 1623 1443 aliquid,
1648 1393 1691 1430 et
1712 1389 1753 1429 in
1779 1389 1816 1429 M

250 1452 486 1493 Antonium
517 1453 649 1493 multa
680 1452 855 1493 dicenda
886 1453 983 1501 sint,
1006 1453 1184 1494 alt-erum
1205 1458 1305 1508 peto
1326 1468 1351 1494 a
1371 1453 1499 1503 vobis,
1523 1458 1571 1494 ut
1592 1468 1657 1493 me
1678 1467 1753 1508 pro
1775 1468 1814 1493 m

248 1517 457 1558 dicentem
499 1517 686 1570 benigne,
730 1517 907 1557 alterum
944 1517 1032 1572 ipse
1073 1518 1262 1567 efficiam,
1304 1524 1352 1558 ut
1389 1523 1537 1558 contra
1572 1518 1684 1558 illum
1715 1533 1816 1572 quur.

248 1581 383 1622 dicam
412 1586 576 1623 attente
606 1581 797 1622 audiatis.
861 1581 990 1622 Simul
1026 1582 1126 1622 illud
1154 1597 1254 1624 oro:
1289 1583 1323 1623 si
1355 1597 1490 1623 meam
1512 1597 1638 1637 quum
1666 1582 1707 1622 in
1729 1597 1816 1622 omr

248 1646 346 1696 vita,
371 1652 461 1687 tum
483 1647 524 1686 in
546 1647 721 1687 dicendo
743 1647 1072 1687 moderationem
1099 1647 1430 1702 modestiamque
1452 1647 1678 1702 cognostis,
1702 1662 1753 1688 ne
1774 1662 1815 1687 m

248 1711 384 1759 hodie,
400 1725 527 1765 quum
548 1711 618 1751 isti
641 1716 688 1751 ut
710 1703 951 1765 provocavit
972 1711 1241 1764 respondem,
1258 1712 1431 1752 oblitum
1453 1726 1543 1751 esse
1563 1711 1723 1766 putetis
1743 1713 1816 1751 mei

249 1774 346 1814 Non
368 1776 563 1815 tractabo
584 1779 632 1814 ut
649 1775 863 1814 consulem
882 1789 890 1813 ε
925 1788 976 1814 ne
998 1774 1065 1814 ille
1088 1774 1255 1828 quidem
1276 1789 1342 1815 me
1364 1780 1411 1815 ut
1432 1776 1705 1815 consularem.
1743 1775 1816 1816 Ets

248 1838 316 1878 ille
337 1838 449 1878 nullo
470 1839 594 1878 modo
616 1837 771 1887 consul,
795 1838 859 1877 vel
882 1838 993 1891 quod
1015 1838 1075 1878 ita
1094 1838 1205 1888 vivit,
1229 1838 1293 1878 vel
1315 1838 1423 1892 quod
1440 1838 1500 1878 ita
1521 1853 1608 1878 rem
1629 1838 1816 1892 publicai]

248 1903 370 1957 gerit,
393 1901 457 1942 vel
488 1902 598 1956 quod
627 1902 687 1942 ita
717 1902 855 1941 factus
876 1906 943 1942 est
975 1900 1186 1957 [consul]:
1224 1916 1302 1957 ego
1330 1902 1419 1942 sine
1450 1902 1531 1942 ulla
1554 1903 1816 1943 controversi

248 1965 491 2006 consularis.
554 1963 620 2005 Ut
647 1965 776 2018 igitur
804 1965 1094 2019 intelligeretis
1125 1966 1288 2020 qualem
1318 1966 1406 2021 ipse
1428 1981 1472 2006 se
1501 1966 1715 2006 consulem
1745 1981 1816 2021 pro

248 2029 453 2076 fiteretur,
486 2029 646 2082 objecit
675 2029 775 2069 mihi
816 2030 1080 2070 consulatum
1114 2044 1279 2077 meum;
1327 2030 1395 2084 qui
1438 2031 1680 2071 consulatus
1711 2032 1816 2071 verb=

247 2108 378 2142 meus,
409 2098 552 2148 patres
580 2093 820 2148 conscripti,
844 2108 888 2133 re
909 2099 1049 2134 vester
1079 2094 1169 2134 fuit.
1233 2094 1343 2145 Quid
1373 2095 1482 2135 enim
1515 2110 1592 2148 ego
1623 2095 1816 2136 constitui

248 2158 347 2212 quid
368 2158 490 2212 gessi,
517 2158 614 2211 quid
635 2157 701 2212 egi
724 2158 802 2197 nisi
823 2172 875 2198 ex
902 2158 1027 2213 hujus
1055 2158 1212 2199 ordinis
1241 2159 1425 2209 consilio,
1455 2159 1723 2209 auctoritate,
1746 2174 1816 2201 sen

247 2221 413 2262 tentia?
474 2221 595 2261 Haec
617 2225 663 2262 tu
686 2221 810 2261 homo
831 2221 1006 2276 sapiens,
1030 2237 1112 2262 non
1134 2223 1267 2263 solum
1283 2223 1491 2278 eloquens,
1515 2224 1625 2278 apud
1646 2238 1716 2264 eos
1738 2238 1816 2278 quo

248 2300 341 2325 rum
373 2285 544 2325 consilio
577 2285 862 2340 sapientiaque
898 2291 1021 2341 gesta
1049 2291 1147 2328 sunt
1179 2302 1305 2328 ausus
1333 2302 1377 2327 es
1406 2287 1674 2342 vituperare?
1735 2288 1813 2340 Qui

248 2354 392 2389 autem
430 2364 569 2389 meum
619 2350 879 2390 consulatum
928 2356 1096 2405 praeter
1136 2357 1179 2392 te
1217 2351 1495 2407 Publiumque
1536 2352 1726 2393 Clodium
1766 2366 1816 2406 qu

298 2470 383 2504 Quid
409 2471 491 2499 enim
516 2492 522 2499 .
549 2492 557 2499 .
583 2492 590 2499 .
615 2471 764 2508 objecerit
776 2471 809 2510 ?]
870 2471 929 2501 See
960 2472 1020 2502 Pro
1066 2472 1157 2502 could
1181 2474 1239 2502 not
1261 2472 1301 2502 be
1324 2473 1463 2502 restored
1489 2473 1532 2512 by
1554 2471 1690 2503 Cicero’s
1716 2471 1816 2501 favoni

250 2512 366 2547 Caelio,
384 2522 410 2541 c.
427 2514 457 2547 3,
474 2512 535 2541 and
551 2512 606 2541 the
621 2517 705 2542 note.
1066 2524 1125 2544 nor
1149 2518 1201 2554 yet
1225 2515 1267 2554 by
1291 2515 1450 2545 Antonius
1476 2514 1529 2554 (ne
1555 2513 1679 2554 ipsius).
1726 2514 1816 2544 Cicer

298 2555 394 2584 Omne
410 2557 514 2583 autem
532 2556 667 2592 crimen]
716 2558 722 2571 ⁴
738 2555 802 2584 But
818 2556 860 2585 all
875 2556 945 2585 that
960 2565 1022 2595 you
1065 2557 1191 2587 intends
1216 2560 1250 2587 to
1273 2558 1358 2587 show
1379 2558 1448 2587 that
1470 2558 1497 2587 if
1511 2557 1669 2587 Antonius
1692 2557 1759 2586 told
1781 2557 1816 2585 th

250 2607 307 2626 can
339 2596 450 2634 charge
475 2606 525 2625 me
546 2597 618 2626 with
644 2597 670 2626 is
693 2597 762 2626 that
786 2598 801 2627 I
824 2598 863 2627 do
885 2601 942 2627 not
964 2609 1018 2628 ex-
1064 2599 1151 2629 truth
1168 2600 1265 2629 about
1280 2600 1334 2629 the
1351 2600 1428 2636 Lex,
1442 2600 1483 2629 all
1499 2600 1553 2629 the
1568 2603 1632 2630 rest
1648 2609 1709 2628 was
1725 2598 1812 2627 false.

249 2649 336 2678 press
359 2649 377 2667 a
403 2638 461 2667 bad
491 2639 619 2678 opinion
642 2640 677 2668 of
696 2650 757 2678 you
779 2640 811 2669 in
832 2641 895 2670 this
916 2641 1017 2677 letter,
1107 2645 1136 2672 5.
1162 2643 1293 2672 dicendo
1311 2642 1575 2681 moderationem]
1627 2642 1677 2671 He
1698 2650 1767 2679 says
1788 2649 1816 2669 sc

249 2682 320 2711 that
345 2681 361 2710 I
378 2681 466 2709 write
486 2691 519 2709 as
540 2681 668 2710 Iwould
696 2686 729 2711 to
754 2692 772 2711 a
796 2683 931 2712 citizen.’
976 2683 1016 2713 V.
1063 2683 1120 2713 but
1144 2684 1207 2714 this
1229 2685 1342 2724 speech
1367 2685 1392 2714 is
1413 2688 1469 2714 not
1491 2695 1509 2714 a
1530 2684 1649 2723 sample
1669 2682 1704 2711 of
1724 2682 1759 2717 it,
1775 2692 1815 2712 no

249 2723 306 2753 has
331 2727 338 2740 ‘
351 2722 600 2753 scribebam.'—‘
613 2724 768 2761 quendam
782 2724 800 2753 ε’
842 2726 911 2754 Sex.
944 2725 1016 2755 Clo·
1062 2726 1110 2755 his
1127 2727 1240 2765 speech
1257 2727 1295 2756 In
1313 2727 1468 2756 Pisonem.

249 2766 329 2802 dius,
346 2766 400 2795 the
415 2766 554 2804 partizan
571 2766 604 2794 of
619 2766 652 2795 P.
671 2766 808 2796 Clodius.
856 2767 914 2797 See
938 2767 1017 2797 Phil.
1096 2768 1213 2806 factus
1236 2772 1280 2798 est
1301 2769 1461 2807 [consul]]
1511 2768 1569 2797 See
1589 2777 1615 2796 c.
1632 2767 1683 2796 32.
1730 2766 1813 2795 Ther

248 2809 269 2838 i.
287 2819 313 2838 c.
334 2809 360 2838 l.
1062 2820 1124 2840 was
1140 2821 1180 2840 an
1196 2811 1327 2841 election
1344 2811 1377 2840 in
1397 2811 1488 2846 form,
1505 2810 1563 2839 but
1583 2809 1615 2837 in
1638 2808 1701 2838 fact
1717 2808 1816 2838 Caesa

293 2852 360 2889 leqe
381 2850 463 2889 lata]
513 2849 547 2879 If
569 2849 638 2879 Sex.
657 2849 794 2887 Ciodius,
811 2861 844 2881 as
859 2851 1018 2882 Antonius
1062 2853 1152 2882 made
1167 2853 1232 2882 him
1250 2853 1424 2884 consul.—‘
1437 2851 1552 2891 objecit
1566 2851 1644 2880 mihi
1657 2849 1676 2880 :’
1701 2860 1753 2880 see
1770 2851 1816 2881 Pr<

249 2893 327 2931 said,
354 2902 417 2922 was
446 2891 583 2922 restored
621 2891 662 2931 by
694 2893 834 2923 Caesar's
867 2894 945 2931 Lex,
977 2895 1018 2924 he
1062 2895 1179 2933 Caelio,
1196 2906 1222 2925 c.
1239 2897 1269 2925 2.
