1816 3211
122 172 205 212 356
462 165 639 208 ORAT.
673 164 792 205 PRO
826 163 874 203 T.
908 159 1103 202 ANNIO
1139 158 1379 201 MILONE

128 282 341 331 maximo3
388 295 531 322 servos
574 278 747 320 Milonis
789 276 902 332 apud
946 289 989 316 se
1032 272 1172 314 ebrios
1212 272 1348 313 factos
1389 271 1467 312 sibi
1506 269 1719 311 confessos

126 364 219 391 esse
252 363 297 389 se
330 348 381 388 de
419 344 708 387 interficiendo
744 340 949 395 Pompeio
993 339 1248 392 conjurasse,
1291 336 1439 377 deinde
1484 340 1633 392 postea
1673 348 1717 374 se

124 414 264 470 gladio
298 424 541 467 percussum
578 423 670 449 esse
698 406 751 447 ab
784 420 868 446 uno
897 405 949 444 de
980 403 1060 444 illis
1084 417 1136 443 ne
1164 401 1380 442 indicaret.
1443 400 1645 456 Pompeio
1676 398 1719 438 in

125 480 273 520 hortos
303 475 535 517 nuntiavit:
569 486 760 514 arcessor
785 470 827 510 in
862 468 1033 524 primis3
1072 467 1122 507 de
1145 466 1375 507 amicorum
1399 465 1611 507 sententia
1631 478 1720 504 rem

127 545 262 585 defert
283 542 336 582 ad
358 544 562 581 senatum.
625 537 721 578 Non
754 540 943 590 poteram
971 533 1012 573 in
1035 532 1142 573 illius
1161 531 1243 572 mei
1265 531 1508 586 patriaeque
1531 527 1720 570 custodis

126 613 248 650 tanta
282 604 519 661 suspicione
554 617 638 643 non
673 605 790 641 metu
823 597 1065 647 exanimari,
1101 597 1174 638 sed
1212 597 1395 637 mirabar
1428 600 1571 636 tamen
1607 592 1719 634 credi

125 688 271 730 popae,
307 669 608 712 confessionem
644 680 860 708 servorum
898 663 1044 712 audiri,
1074 663 1222 703 vulnus
1251 661 1294 702 in
1327 662 1461 702 latere
1497 660 1608 714 quod
1643 672 1722 699 acu

126 743 332 795 punctum
366 735 577 776 videretur
611 747 686 788 pro
720 732 808 773 ictu
843 727 1090 786 gladiatoris
1124 726 1306 782 probari.
1369 726 1542 775 Verum,
1580 729 1628 765 ut
1661 724 1721 773 in-

129 804 286 857 telligo,
326 800 500 841 cavebat
539 798 674 853 magis
716 795 947 850 Pompeius
989 808 1114 848 quam
1148 792 1340 843 timebat,
1378 806 1459 832 non
1501 805 1551 831 ea
1590 789 1724 830 solum

132 884 239 925 quae
269 865 458 909 timenda
488 868 620 913 erant,
658 862 731 903 sed
773 860 922 910 omnia,
966 874 1018 900 ne
1059 857 1215 913 aliquid
1247 872 1320 898 vos
1359 855 1579 897 timeretis.
1641 853 1724 908 Op-

130 938 321 990 pugnata
348 931 496 971 domus
523 928 569 969 O.
594 926 786 968 Caesaris
817 923 1037 965 clarissimi
1068 928 1112 963 et
1139 921 1358 963 fortissimi
1379 921 1454 962 viri
1475 935 1550 976 per
1569 919 1726 961 multas

132 998 270 1040 noctis
292 998 417 1038 horas
437 993 724 1035 nuntiabatur.
787 990 923 1031 Nemo
946 988 1140 1029 audierat
1170 992 1259 1028 tam
1291 986 1444 1027 celebri
1475 987 1580 1032 loco,
1602 999 1725 1026 nemo

131 1067 347 1108 senserat;
382 1067 524 1102 tamen
555 1058 818 1099 audiebatur.
881 1056 977 1096 Non
1002 1059 1194 1109 poteram
1223 1053 1298 1094 Cn.
1322 1052 1570 1107 Pompeium
1606 1065 1726 1106 prae-

138 1127 400 1171 stantissima
429 1125 586 1166 virtute
617 1123 749 1163 virum
782 1121 979 1162 timidum
1008 1118 1238 1173 suspicari:
1275 1117 1532 1172 diligentiam
1558 1121 1652 1157 tota
1682 1130 1728 1155 re

137 1193 301 1250 publica
321 1195 516 1245 suscepta
538 1188 707 1229 nimiam
728 1187 884 1226 nullam
914 1185 1131 1239 putabam.
1195 1181 1556 1237 Frequentissimo
1578 1184 1728 1221 senatu

133 1274 267 1314 nuper
287 1258 329 1298 in
352 1255 557 1311 Capitolio
589 1257 761 1294 senator
792 1251 988 1291 inventus
1009 1253 1076 1289 est
1096 1247 1165 1302 qui
1190 1247 1394 1287 Milonem
1416 1261 1511 1287 cum
1530 1246 1614 1286 telo
1636 1259 1729 1286 esse

133 1326 307 1366 diceret.
371 1319 558 1361 Nudavit
599 1333 643 1359 se
680 1318 721 1358 in
762 1313 1027 1357 sanctissimo
1068 1313 1240 1368 templo,
1279 1312 1474 1367 quoniam
1508 1312 1595 1353 vita.
1634 1310 1731 1352 talis

135 1395 179 1432 et
200 1389 300 1430 civis
322 1391 366 1428 et
386 1385 463 1427 viri
484 1385 609 1426 fidem
632 1397 715 1423 non
737 1381 921 1422 faciebat
941 1384 990 1420 ut
1012 1393 1061 1419 eo
1083 1383 1254 1419 tacente
1274 1392 1341 1418 res
1363 1377 1454 1433 ipsa
1473 1378 1729 1432 loqueretur.

137 1454 299 1498 XXV.
333 1451 485 1494 Omnia
515 1450 619 1490 falsa
654 1454 782 1502 atque
815 1445 1014 1486 insidiose
1054 1444 1156 1484 ficta
1197 1447 1414 1498 comperta
1454 1447 1565 1484 sunt.
1626 1441 1731 1483 Cum

136 1528 278 1563 tamen
319 1518 355 1560 si
393 1515 598 1558 metuitur
638 1513 768 1555 etiam
807 1525 919 1552 nunc
965 1509 1084 1560 Milo,
1122 1523 1206 1549 non
1242 1508 1331 1563 jam
1370 1508 1450 1549 hoc
1485 1507 1734 1549 Clodianum

142 1664 283 1695 “Cicero
310 1661 418 1692 makes
444 1662 500 1690 out
526 1658 562 1688 of
584 1657 639 1687 the
674 1652 913 1689 ‘sacrificulus‚’

142 1707 248 1738 whose
285 1706 374 1735 office
411 1712 474 1732 was
511 1702 565 1731 the
609 1699 806 1739 purification
852 1696 915 1726 and

957 1652 1087 1682 libertos
1113 1653 1310 1690 comparatos
1337 1660 1404 1680 esse
1428 1650 1467 1679 ad
1483 1650 1609 1679 caedem
1634 1658 1734 1683 suam,

959 1695 1088 1725 nomina
1117 1703 1243 1733 quoque
1266 1703 1425 1723 servorum
1451 1693 1601 1722 edidisse:
1637 1702 1670 1721 se
1695 1691 1735 1720 ad

144 1750 274 1788 making
302 1748 357 1778 the
386 1746 549 1785 expiatory
579 1743 733 1774 sacrifices
764 1741 811 1770 for
850 1739 914 1768 ‘fa-

143 1793 248 1823 miliae
262 1792 269 1805 ’
286 1791 322 1820 of
334 1791 444 1824 slaves,
461 1798 479 1818 a
496 1791 503 1804 ‘
514 1797 597 1826 popa
610 1785 617 1798 '
641 1795 677 1814 or
691 1782 916 1815 victim-killer,

144 1835 247 1865 which
270 1834 349 1863 class
373 1832 408 1861 of
430 1840 504 1860 men
524 1829 601 1859 used
617 1832 650 1857 to
666 1827 746 1866 keep
762 1836 780 1855 a
794 1825 871 1855 kind
887 1824 922 1853 of

145 1877 320 1915 cook-shop
359 1873 504 1914 (popina)
537 1870 681 1911 supplied
710 1872 767 1899 out
796 1867 832 1897 of
864 1867 919 1896 the

144 1923 305 1951 remnants
332 1917 368 1948 of
398 1917 453 1946 the
484 1915 641 1953 offerings,
677 1912 739 1942 and
768 1912 801 1941 in
830 1910 919 1940 these

146 1967 153 1981 ‘
167 1960 321 2002 popinae'
353 1959 471 1990 cooked
501 1957 573 1988 food
610 1954 820 1996 particularly,
858 1952 919 1982 and

147 2008 213 2037 also
229 2005 321 2035 drink
335 2013 398 2033 was
422 2002 500 2037 sold,
517 2000 579 2030 and
595 1999 667 2038 only
684 1997 795 2037 people
818 1999 874 2026 out
889 1995 925 2025 of

148 2050 203 2079 the
215 2049 310 2078 lower
322 2046 414 2077 Plebs
430 2055 465 2075 or
481 2045 580 2074 slaves
596 2040 781 2081 frequented
797 2038 919 2068 them.’'

151 2092 290 2130 Perhaps
327 2090 416 2120 these
453 2086 705 2124 cook-shopmen
741 2093 823 2112 were
859 2091 925 2111 em-

150 2135 264 2175 ployed
279 2137 312 2163 at
327 2133 382 2163 the
406 2131 568 2165 sacrifices,
585 2129 718 2158 because
744 2126 819 2164 they
836 2124 927 2154 could

151 2179 277 2217 dispose
292 2176 327 2206 of
347 2175 401 2205 the
421 2175 582 2203 remnants
598 2175 631 2200 to
647 2170 729 2199 their
744 2172 926 2198 customers.

153 2222 182 2251 A
197 2231 271 2250 man
286 2218 390 2248 would
405 2216 516 2254 hardly
533 2218 579 2244 set
595 2224 638 2253 up
652 2223 691 2242 an
708 2211 928 2250 eating-house

152 2264 227 2293 with
251 2272 293 2291 no
319 2270 406 2291 more
430 2258 547 2289 certain
573 2256 686 2296 supply
713 2255 761 2285 for
783 2254 833 2283 his
856 2263 925 2283 cus-

154 2311 270 2336 tomers
285 2305 361 2334 than
378 2303 433 2333 the
448 2303 608 2331 remnants
624 2299 659 2328 of
671 2298 724 2328 the
741 2297 903 2327 sacrifices.

197 2346 360 2385 Licinius]
409 2344 565 2375 Asconius
580 2342 651 2372 tells
666 2351 704 2371 us
719 2341 803 2369 what
821 2340 846 2369 is
870 2349 924 2368 ne-

156 2401 277 2429 cessary
292 2394 326 2419 to
342 2388 466 2428 explain
482 2386 545 2416 this
561 2389 645 2424 story
660 2396 666 2414 :
693 2387 711 2401 “
726 2384 815 2413 Prius
831 2382 924 2412 etiam

156 2444 250 2474 quam
277 2432 445 2470 Pompeius
467 2429 596 2459 tertium
622 2427 730 2457 consul
760 2428 926 2460 crearetur,

156 2481 221 2507 tres
244 2475 374 2510 tribuni,
398 2473 438 2506 Q.
466 2471 635 2510 Pompeius
663 2469 776 2505 Rufus,
803 2468 839 2498 C.
861 2467 928 2497 Sal-

156 2519 270 2550 lustius
291 2517 430 2555 Crispus,
447 2515 484 2545 T.
502 2514 667 2543 Munatius
690 2513 834 2547 Plancus,
857 2521 928 2540 cum

158 2560 321 2593 cotidianis
353 2556 553 2589 contionibus
583 2556 646 2585 suis
673 2565 818 2593 magnam
849 2553 928 2583 invi-

156 2606 239 2635 diam
270 2602 384 2633 Miloni
414 2603 543 2640 propter
573 2598 717 2628 Clodium
747 2597 929 2631 excitarent,

155 2647 371 2688 produxerant
386 2644 424 2673 ad
441 2642 593 2682 populum
610 2641 669 2671 Cn.
689 2640 883 2679 Pompeium,
899 2642 931 2668 et

158 2691 198 2721 ab
225 2699 262 2719 eo
288 2687 485 2728 quaesierant
515 2695 591 2713 num
622 2684 660 2713 ad
688 2693 759 2712 eum
791 2683 929 2712 delatum

159 2736 240 2764 esset
256 2731 331 2761 illud
349 2739 473 2770 quoque
495 2727 643 2757 indicium
667 2735 740 2755 suae
755 2726 838 2755 vitae
855 2725 930 2754 insi-

160 2776 237 2807 diari
274 2774 439 2804 Milonem.
490 2769 710 2809 Responderat
743 2768 930 2807 Pompeius:

162 2818 318 2850 Licinium
344 2814 500 2856 quendam
526 2813 564 2842 de
586 2811 687 2851 plebe,
713 2811 931 2845 sacrificulum,

162 2862 217 2902 qui
247 2860 358 2890 solitus
384 2860 466 2888 esset
495 2855 630 2886 familias
660 2863 802 2892 purgare,
834 2853 873 2882 ad
900 2862 933 2881 se

162 2904 311 2935 detulisse
337 2911 443 2933 servos
470 2898 621 2939 quosdam
649 2896 780 2926 Milonis
795 2896 934 2935 itemque

960 1738 1117 1768 Milonem
1141 1737 1264 1766 misisse
1289 1739 1325 1765 ut
1351 1745 1404 1765 eos
1430 1735 1462 1764 in
1494 1738 1650 1774 potestate
1679 1744 1736 1764 sua

961 1780 1109 1816 haberet;
1141 1789 1160 1808 a
1186 1779 1308 1808 Milone
1333 1788 1517 1817 responsum
1543 1787 1610 1807 esse
1634 1787 1673 1807 ex
1698 1777 1736 1806 iis

963 1823 1071 1859 servis,
1089 1831 1168 1861 quos
1183 1821 1378 1850 nominasset
1400 1821 1515 1860 partim
1531 1820 1690 1850 neminem
1704 1829 1737 1849 se

963 1875 1103 1904 unquam
1130 1863 1286 1899 habuisse,
1318 1864 1432 1903 partim
1463 1873 1559 1893 manu
1592 1863 1735 1893 misisse:

963 1909 1046 1943 dein,
1074 1917 1144 1937 cum
1170 1907 1327 1936 Licinium
1353 1906 1437 1945 apud
1458 1916 1491 1936 se
1514 1906 1654 1941 haberet,
1672 1906 1736 1935 Lu-

965 1951 1046 1981 cium
1072 1950 1227 1990 quendam
1245 1950 1284 1979 de
1299 1949 1391 1989 plebe
1411 1949 1451 1978 ad
1474 1949 1738 1988 corrumpendum

965 1994 1100 2024 indicem
1124 1993 1264 2028 venisse;
1298 2002 1360 2032 qua
1374 2002 1408 2022 re
1433 1992 1559 2030 cognita
1580 1992 1614 2021 in
1637 1991 1739 2022 vincla

965 2047 1038 2068 eum
1054 2036 1180 2076 publica
1195 2045 1262 2065 esse
1277 2034 1491 2074 conjectum.''

1015 2080 1053 2109 de
1083 2080 1258 2109 amicorum
1287 2077 1460 2116 sententia]
1511 2078 1689 2108 ‘Pursuant
1706 2079 1740 2106 to

972 2123 1026 2152 the
1047 2121 1176 2162 opinion
1199 2121 1235 2151 of
1256 2121 1304 2151 his
1319 2120 1459 2157 friends,'
1475 2130 1494 2150 a
1516 2130 1661 2150 common
1677 2120 1740 2150 for-

972 2166 1067 2195 mula.
1115 2165 1145 2194 It
1171 2174 1233 2193 was
1261 2164 1385 2194 Roman
1415 2163 1551 2202 practice
1580 2167 1614 2193 to
1643 2163 1741 2192 invite

972 2208 1088 2238 friends
1113 2211 1146 2237 to
1171 2207 1211 2237 be
1226 2210 1364 2246 present,
1380 2209 1415 2236 to
1439 2207 1507 2245 give
1531 2206 1613 2236 their
1635 2206 1742 2235 advice

972 2262 1013 2281 on
1029 2261 1123 2290 many
1138 2251 1312 2289 important
1327 2249 1496 2285 occasions,
1512 2249 1574 2278 and
1598 2253 1631 2278 to
1655 2258 1742 2278 serve

971 2305 1004 2324 as
1021 2295 1181 2324 witnesses
1204 2292 1394 2329 afterwards,
1410 2292 1437 2321 if
1456 2292 1545 2322 there
1568 2292 1681 2322 should
1703 2291 1743 2321 be

970 2338 1060 2367 need.

1017 2381 1050 2410 C.
1072 2378 1233 2417 Caesaris]
1283 2378 1408 2414 Caesar,
1425 2387 1458 2407 as
1479 2377 1623 2407 Pontifex
1639 2377 1743 2407 Maxi-

973 2433 1053 2459 mus,
1078 2422 1140 2452 had
1160 2432 1200 2451 an
1225 2421 1337 2451 official
1362 2420 1521 2450 residence
1549 2420 1582 2449 in
1606 2420 1660 2449 the
1684 2420 1745 2449 Via

974 2466 1078 2501 Sacra,
1105 2475 1139 2494 as
1170 2464 1339 2494 Suetonius
1369 2473 1439 2503 says
1472 2462 1601 2503 (Julius,
1625 2473 1651 2492 c.
1675 2462 1744 2502 46).

974 2509 1006 2539 It
1035 2518 1097 2537 was
1127 2508 1159 2536 in
1189 2517 1207 2537 a
1243 2506 1431 2546 frequented
1468 2510 1539 2545 part
1574 2505 1609 2535 of
1644 2506 1746 2535 Rome

975 2551 1102 2592 (celebri
1119 2549 1213 2590 loco).
1261 2549 1320 2579 See
1335 2549 1407 2578 Vol.
1423 2548 1456 2585 i.,
1474 2548 1585 2585 Index,
1603 2547 1744 2578 Celeber.

1017 2596 1070 2624 25.
1098 2593 1177 2623 Cum
1208 2595 1313 2623 tamen
1341 2592 1385 2631 si]
1443 2591 1522 2621 This
1551 2592 1576 2621 is
1606 2594 1745 2630 corrupt.

976 2637 1100 2667 Several
1115 2639 1265 2674 attempts
1280 2635 1359 2664 have
1385 2634 1465 2664 been
1489 2634 1580 2664 made
1603 2637 1636 2663 to
1653 2633 1747 2662 mend

974 2681 1010 2710 it.
1057 2680 1096 2709 In
1120 2679 1174 2708 the
1196 2678 1249 2707 old
1271 2677 1405 2707 editions
1428 2677 1516 2706 there
1530 2677 1556 2706 is
1581 2679 1588 2693 ‘
1603 2675 1695 2708 Quod
1721 2675 1747 2704 si

975 2727 1082 2752 tamen
1098 2720 1270 2755 metuitur,’
1287 2720 1336 2749 for
1349 2719 1452 2749 which
1474 2719 1562 2749 there
1583 2718 1610 2748 is
1633 2718 1698 2748 said
1714 2722 1747 2747 to

977 2766 1016 2796 be
1038 2775 1080 2794 no
1103 2763 1199 2794 MSS.
1217 2763 1482 2802 authority.-—‘et
1497 2772 1533 2791 ea
1548 2770 1622 2790 voce
1634 2761 1653 2790 :’
1679 2764 1686 2777 ‘
1699 2760 1747 2790 et'

977 2809 1003 2838 is
1019 2809 1051 2837 in
1068 2808 1161 2837 A.-‘
1175 2804 1343 2841 exaudire,’
1359 2805 1415 2841 A.;
1440 2808 1447 2821 ⁴
1458 2803 1587 2839 audire,’
1603 2803 1640 2833 T.
1658 2803 1696 2833 E.
1715 2805 1747 2833 S.

980 2851 1087 2887 Halm,
1105 2849 1174 2879 who
1191 2849 1247 2878 has
1265 2853 1272 2865 ⁴
1285 2845 1454 2882 exaudire,’
1471 2856 1540 2885 says
1557 2849 1564 2862 ‘
1577 2845 1748 2876 exandire’

978 2897 1034 2924 not
1051 2897 1058 2911 ⁶
1071 2891 1207 2930 audire‚'
1224 2891 1357 2921 because
1372 2889 1538 2929 Pompeius
1551 2892 1599 2919 sat
1614 2892 1647 2919 at
1663 2899 1750 2919 some
