1816 3211
113 182 191 220 148
412 177 589 219 ORAT.
623 177 742 218 PRO
779 176 826 217 L.
859 175 1168 218 CORNELIO
1203 175 1405 216 BALBO

111 293 244 334 Mitto
268 297 431 333 vetera:
470 292 656 347 proxime
688 291 779 331 dico
810 295 908 331 ante
940 289 1154 330 civitatem
1178 287 1447 329 Veliensibus
1477 288 1633 338 datam,
1656 289 1707 329 dc

109 362 282 399 senatus
330 357 541 398 sententia
592 356 638 397 C.
682 355 897 395 Valerium
944 354 1156 402 Flaccum,
1203 357 1439 408 praetorem
1489 354 1707 399 urbanum,

109 422 355 463 nominatim
381 422 435 462 ad
466 421 662 476 populum
686 420 735 459 de
760 418 1001 471 Calliphana
1024 418 1233 464 Veliense,
1258 421 1306 457 ut
1327 431 1376 456 ea
1397 416 1497 456 civis
1519 416 1709 457 Romana

110 492 236 536 esset,
259 487 416 527 tulisse.
481 486 592 526 Num
624 484 752 538 igitur
781 488 857 523 aut
887 483 1040 522 fundos
1070 482 1208 522 factos
1231 480 1451 521 Velienses
1481 486 1555 522 aut
1574 496 1708 522 sacer-

111 552 252 593 dotem
272 552 379 591 illam
402 550 530 591 civem
555 550 786 589 Romanam
804 548 963 587 factam
978 561 1061 586 non
1078 561 1182 596 esse,
1203 550 1278 586 aut
1294 546 1442 586 foedus
1459 551 1502 586 et
1518 561 1543 586 a
1559 551 1709 587 senatu

111 622 154 657 et
175 632 200 657 a
221 617 371 671 populo
395 616 586 655 Romano
609 613 804 653 violatum
827 611 1152 652 arbitrabimur?

170 681 330 722 XXV.
367 679 574 734 intelligo,
614 678 792 734 judices,
835 678 877 717 in
918 691 1068 718 caussa
1103 682 1249 731 aperta
1291 676 1542 731 minimeque
1584 676 1710 717 dubia

114 747 243 787 multo
272 751 315 787 et
336 746 466 800 plura,
492 751 536 786 et
556 760 581 784 a
601 744 788 799 pluribus
816 741 1078 798 peritissimis
1110 757 1201 782 esse
1234 742 1358 791 dicta,
1382 757 1505 797 quam
1526 756 1593 782 res
1614 756 1709 797 pos-

112 812 280 853 tularet.
342 811 425 851 Sed
464 810 505 850 id
539 810 698 850 factum
734 813 811 859 est,
847 822 930 848 non
967 812 1015 847 ut
1050 807 1168 847 vobis
1204 821 1289 847 rem
1326 811 1414 847 tam
1446 806 1715 861 perspicuam*

114 876 288 916 dicendo
319 876 602 930 probaremus,
636 888 778 914 verum
816 878 864 913 ut
898 871 1081 913 omnium
1113 871 1421 921 malevolorum,
1460 872 1708 927 iniquorum,

113 940 344 981 invidorum
379 940 538 980 animos
569 940 883 993 frangeremus;
919 952 1023 992 quos
1055 942 1102 977 ut
1131 942 1354 978 accusator
1384 937 1638 985 incenderet,
1662 942 1711 977 ut

114 1004 240 1059 aliqui
255 1019 469 1045 sermones
491 1003 705 1044 hominum
727 1002 873 1043 alienis
894 1001 1014 1042 bonis
1036 1001 1311 1042 maerentium
1326 1001 1454 1042 etiam
1476 1001 1529 1041 ad
1551 1006 1711 1042 vestras

113 1084 235 1110 aures
268 1074 562 1124 permanarent
595 1073 639 1109 et
674 1068 716 1108 in
745 1068 904 1122 judicio
935 1067 1026 1122 ipso
1059 1067 1355 1117 redundarent,
1380 1066 1535 1107 idcirco
1566 1066 1635 1106 illa
1667 1065 1712 1105 in

115 1134 225 1175 omni
247 1141 367 1189 parte
389 1133 590 1174 orationis
611 1148 710 1173 suae
732 1137 824 1173 arte
851 1131 1018 1187 aspergi
1041 1131 1269 1172 videbatis:
1304 1135 1394 1171 tum
1416 1131 1635 1185 pecuniam
1659 1129 1707 1171 L.

116 1198 308 1246 Cornelii,
332 1213 438 1253 quae
468 1213 602 1252 neque
623 1197 827 1237 invidiosa
857 1203 934 1246 est,
959 1201 1013 1244 et,
1047 1200 1385 1250 quantacumque
1407 1199 1484 1244 est,
1508 1194 1713 1235 eiusmodi

115 1268 180 1303 est
201 1268 249 1304 ut
271 1267 518 1303 conservata
547 1262 680 1316 magis
708 1276 832 1316 quam
866 1266 1058 1315 correpta
1089 1274 1180 1301 esse
1209 1259 1428 1306 videatur;
1467 1265 1558 1301 tum
1594 1260 1712 1300 luxu-

115 1327 231 1375 riam,
258 1341 362 1382 quae
393 1341 477 1367 non
505 1326 675 1366 crimine
715 1325 854 1380 aliquo
894 1324 1088 1374 libidinis,
1132 1325 1204 1365 sed
1238 1323 1447 1364 communi
1488 1324 1711 1365 maledicto

116 1392 370 1438 notabatur;
407 1397 498 1432 tum
516 1390 812 1439 Tusculanum,
837 1390 948 1444 quod
972 1389 1021 1441 Q.
1048 1389 1213 1430 Metelli
1244 1389 1370 1430 fuisse
1402 1389 1648 1430 meminerat
1669 1397 1713 1430 et

119 1456 166 1497 L.
192 1456 345 1506 Crassi,
371 1456 567 1496 Crassum
595 1455 744 1496 emisse
778 1455 828 1496 de
861 1455 1056 1495 libertino
1092 1454 1270 1504 homine,
1307 1453 1498 1495 Soterico
1533 1454 1710 1502 Marcio,

116 1521 170 1561 ad
210 1521 432 1562 Metellum
467 1520 706 1575 pervenisse
740 1520 790 1560 de
814 1518 996 1560 Venonii
1019 1518 1204 1559 Vindicii
1240 1519 1361 1559 bonis
1393 1534 1476 1560 non
1511 1519 1709 1566 tenebat3

117 1585 237 1626 simul
259 1585 357 1626 illud
385 1585 597 1626 nesciebat
629 1584 892 1639 praediorum
922 1584 1077 1624 nullam
1108 1598 1199 1624 esse
1226 1588 1407 1637 gentem,
1432 1584 1713 1638 emptionibus

118 1665 167 1691 ea
188 1651 318 1691 solere
349 1664 474 1705 saepe
506 1650 559 1690 ad
591 1649 749 1690 alienos
778 1648 979 1698 homines,
1003 1663 1125 1703 saepe
1156 1649 1209 1688 ad
1238 1648 1412 1696 infimos,
1436 1663 1519 1689 non
1549 1649 1712 1704 legibus

118 1719 332 1769 tamquam
373 1715 530 1755 tutelas
570 1714 799 1769 pervenire.
881 1713 1107 1767 Objectum
1138 1717 1205 1753 est
1236 1713 1376 1763 etiam,
1411 1714 1525 1768 quod
1556 1714 1597 1753 in
1638 1714 1712 1755 tri-

118 1780 217 1819 bum
240 1779 551 1819 Crustuminam
573 1778 832 1833 pervenerit:
868 1778 979 1832 quod
1004 1777 1070 1818 hic
1095 1782 1314 1818 assecutus
1343 1782 1408 1818 est
1429 1778 1533 1832 legis
1555 1778 1606 1819 de
1627 1793 1713 1819 am-

119 1844 209 1884 bitu
230 1844 426 1898 praemio,
451 1843 586 1884 minus
607 1843 822 1894 invidioso,
847 1858 972 1898 quam
994 1843 1063 1897 qui
1085 1843 1221 1897 legum
1243 1843 1437 1897 praemiis
1458 1843 1712 1897 praetoriam

123 1961 264 1992 “Cereri
288 1972 413 2002 quoque
436 1973 528 2002 quam
553 1972 640 1993 more
657 1963 776 1993 Graeco
797 1972 892 1993 vene-

122 2005 183 2035 rari
202 2005 406 2035 instituerant
422 2006 627 2035 sacerdotium
645 2016 663 2035 a
678 2006 777 2042 Velia,
795 2016 893 2045 quum

122 2048 154 2078 id
181 2048 331 2087 oppidum
355 2048 494 2077 nondum
511 2049 644 2078 civitatis
667 2058 783 2078 nomen
807 2059 893 2078 acce-

123 2091 231 2130 pisset,
265 2091 456 2121 Calcitanam
491 2095 644 2130 peterent,
677 2092 735 2127 vel,
772 2096 808 2121 ut
842 2092 895 2121 alii

124 2134 242 2169 dicunt,
260 2134 509 2172 Calliphennam,
532 2144 572 2163 ne
588 2134 664 2163 deae
679 2134 812 2163 vetustis
828 2135 894 2163 riti-

124 2176 183 2205 bus
215 2177 314 2215 perita
338 2177 460 2206 deesset
485 2177 626 2206 antistes.
673 2177 772 2215 Cujus
797 2188 895 2216 quum

125 2219 157 2248 in
175 2218 251 2248 urbe
275 2219 531 2258 pulcherrumum
552 2220 706 2258 ‘templum
732 2219 894 2255 haberent,

128 2261 310 2291 Gracchano
331 2262 470 2291 tumultu
492 2263 603 2291 moniti
625 2262 785 2301 Sibyllinis
809 2263 895 2292 libris

126 2307 163 2333 ut
188 2304 432 2333 vetustissimam
460 2304 604 2334 Cererem
632 2305 801 2344 placarent,
828 2305 893 2334 En-

128 2356 201 2375 nam
226 2347 373 2385 quoniam
399 2356 484 2375 sacra
506 2348 574 2385 ejus
597 2347 670 2377 inde
696 2351 764 2376 orta
788 2347 894 2377 crede-

128 2387 216 2423 bant,
233 2389 339 2418 decem
356 2389 437 2418 viros
452 2390 491 2418 ad
507 2400 575 2419 eam
592 2390 822 2429 propitiandam
840 2391 897 2419 mi-

130 2431 272 2460 serunt.’'
287 2448 328 2452 —
342 2433 348 2447 ‘
366 2431 587 2461 arbitrabimur
599 2431 618 2461 z’
665 2436 672 2449 ‘
684 2432 897 2469 arbitramur,'

131 2473 248 2503 Baiter.

175 2518 227 2546 25.
250 2516 340 2555 suae]
368 2518 374 2532 ‘
389 2516 467 2551 sua,'
494 2516 528 2545 P.
546 2517 584 2546 G.
601 2529 607 2546 :
634 2520 641 2533 ⁴
656 2517 802 2553 summa,'
820 2517 898 2547 Cod.

132 2558 236 2589 Oxon.
255 2559 286 2588 S.
304 2558 474 2588 Baiter.*‘
488 2559 641 2589 invidiosa
655 2560 673 2589 :'
697 2563 754 2589 not
775 2560 899 2598 enough

131 2604 165 2630 to
181 2601 273 2630 make
289 2601 353 2630 him
369 2611 409 2630 an
425 2600 528 2639 object
543 2602 578 2631 of
597 2612 677 2641 envy
693 2602 755 2631 and
777 2603 898 2632 dislike.

133 2644 198 2673 But
214 2643 331 2673 Balbus
347 2653 409 2672 was
425 2644 501 2672 rich.
549 2644 600 2673 He
625 2644 680 2674 left
704 2654 723 2673 a
746 2645 852 2683 legacy
868 2645 904 2674 of

132 2686 327 2725 twenty-five
334 2686 498 2715 drachmae
504 2689 535 2715 to
543 2696 633 2725 every
643 2687 775 2716 Roman.
789 2687 900 2726 (Dion,

133 2730 186 2765 48,
203 2739 229 2757 c.
247 2728 368 2767 32.)—⁴
387 2733 528 2767 correpta
543 2728 562 2757 ε’
587 2732 594 2744 ⁴
607 2729 775 2767 corrupta,’
794 2730 833 2759 G.

182 2770 411 2809 Tusculanum]
474 2771 503 2800 A
539 2771 612 2799 villa
650 2775 684 2800 at
719 2771 901 2806 Tusculum,

135 2813 236 2843 which
271 2813 388 2842 Balbus
419 2813 591 2852 possessed.
639 2813 670 2842 It
699 2812 760 2842 had
790 2813 902 2852 passed

134 2855 270 2894 through
292 2866 385 2895 many
409 2855 519 2890 hands,
536 2855 598 2884 and
613 2865 691 2884 once
706 2855 731 2884 it
746 2856 807 2884 had
824 2856 902 2885 been

133 2898 295 2938 possessed
312 2897 352 2938 by
367 2908 386 2928 a
399 2898 574 2928 libertinus.
620 2898 704 2928 Such
719 2899 903 2938 properties,

939 1973 1010 2002 says
1034 1962 1153 1999 Cicero,
1171 1962 1258 1992 often
1274 1962 1394 2002 change
1417 1962 1537 1992 hands:
1562 1962 1638 2002 they
1660 1973 1713 1993 are

939 2010 995 2035 not
1021 2006 1142 2036 limited
1166 2009 1199 2035 to
1229 2016 1291 2045 any
1320 2006 1488 2045 particular
1517 2005 1634 2044 ‘gens’
1682 2006 1713 2035 It

940 2059 1040 2078 seems
1056 2049 1125 2078 that
1141 2048 1305 2087 originally
1331 2048 1386 2077 the
1408 2048 1461 2077 old
1483 2049 1664 2078 allotments
1680 2049 1713 2077 iu

939 2092 993 2121 the
1009 2092 1094 2130 Ager
1111 2092 1273 2121 Romanus
1289 2101 1369 2120 were
1385 2094 1441 2120 not
1457 2091 1601 2120 saleable.
1638 2090 1713 2130 (See

941 2134 1000 2164 Pro
1029 2134 1125 2169 Sulla,
1158 2144 1184 2163 c.
1216 2135 1246 2168 2,
1277 2133 1339 2162 and
1365 2133 1419 2162 the
1449 2138 1534 2169 note,
1556 2134 1627 2163 Vol.
1650 2134 1712 2167 iii.)

940 2177 1049 2207 Cicero
1066 2186 1136 2215 says
1163 2176 1232 2205 that
1256 2175 1382 2215 praedia
1402 2186 1458 2205 can
1485 2175 1524 2205 be
1546 2176 1625 2212 sold,
1649 2177 1713 2205 and

939 2220 1014 2258 they
1038 2219 1078 2249 do
1102 2223 1158 2248 not
1180 2219 1307 2248 devolve
1332 2219 1394 2248 like
1416 2218 1571 2248 ‘tutelae’
1593 2218 1634 2258 by
1658 2219 1713 2248 the

939 2262 1022 2292 rules
1046 2262 1082 2291 of
1098 2261 1156 2290 law
1182 2260 1331 2301 (legibus)
1356 2271 1397 2290 on
1422 2261 1476 2291 the
1499 2265 1575 2291 next
1599 2261 1634 2291 of
1647 2261 1712 2291 kin.

941 2305 1016 2344 (Pro
1033 2304 1153 2339 Flacco,
1170 2314 1196 2333 c.
1212 2306 1264 2340 34,
1280 2303 1353 2333 Vol.
1367 2303 1425 2343 iii.)

989 2346 1242 2385 Crustuminum]
1292 2348 1320 2376 A
1344 2347 1445 2376 tribus
1462 2346 1562 2376 which
1577 2347 1654 2377 took
1673 2347 1714 2377 its

942 2399 1035 2419 name
1050 2389 1131 2419 from
1147 2389 1202 2418 the
1219 2389 1312 2418 Latin
1332 2390 1394 2428 city
1411 2389 1662 2419 Crustumerium
1679 2399 1714 2419 or

945 2432 1172 2467 Crustumium,
1204 2431 1271 2461 into
1301 2432 1399 2461 which
1426 2431 1545 2462 Balbus
1570 2442 1632 2462 was
1658 2433 1713 2462 ad-

944 2474 1055 2504 mitted
1091 2484 1125 2503 as
1162 2484 1181 2503 a
1213 2474 1330 2504 reward
1361 2475 1410 2504 for
1445 2475 1647 2514 prosecuting
1681 2478 1714 2504 to

943 2517 1120 2546 conviction
1147 2526 1233 2546 some
1263 2527 1322 2546 one
1348 2517 1449 2546 under
1474 2518 1529 2547 the
1552 2518 1652 2555 Leges
1676 2518 1715 2547 de

943 2559 1086 2589 Ambitu.
1133 2559 1165 2589 It
1186 2569 1286 2589 seems
1309 2560 1459 2599 probable
1474 2559 1544 2590 that
1563 2560 1618 2590 the
1640 2570 1713 2599 pro-

943 2606 1068 2632 secutor
1083 2605 1137 2641 got
1151 2602 1321 2632 admission
1337 2603 1405 2632 into
1420 2603 1475 2632 the
1498 2602 1597 2632 tribus
1613 2603 1648 2633 of
1660 2603 1715 2632 the

944 2654 1017 2674 man
1040 2644 1109 2673 who
1132 2654 1194 2674 was
1215 2646 1387 2680 convicted,
1411 2645 1437 2674 if
1453 2645 1479 2674 it
1501 2655 1562 2674 was
1587 2655 1605 2674 a
1628 2655 1714 2675 more

943 2687 1136 2716 honourable
1160 2687 1260 2717 tribus
1283 2688 1360 2717 than
1382 2687 1452 2717 that
1475 2690 1508 2717 to
1533 2687 1634 2717 which
1659 2688 1714 2717 the

945 2734 1127 2769 prosecutor
1164 2730 1330 2769 belonged.
1376 2730 1482 2760 Baiter
1514 2730 1634 2759 follows
1665 2730 1712 2765 C.

947 2772 1046 2801 which
1062 2773 1118 2801 has
1135 2775 1142 2789 ‘
1157 2772 1410 2809 Clustuminam‚'
1426 2773 1488 2801 and
1513 2772 1554 2802 he
1568 2772 1665 2802 refers
1681 2777 1713 2802 to

945 2815 1000 2843 the
1018 2815 1076 2844 Pro
1094 2815 1230 2851 Plancio,
1248 2826 1273 2845 c.
1294 2817 1342 2845 16.

983 2859 1185 2896 praetoriam
1207 2857 1411 2896 sententiam]
1461 2857 1557 2886 Halm
1573 2862 1715 2896 suggests

948 2902 955 2916 ‘
970 2899 1177 2930 senatoriam’
1216 2900 1266 2930 for
1299 2903 1307 2917 ‘
1320 2899 1531 2940 praetoriam.’
1585 2899 1716 2930 Abrami
