1816 3211
79 165 163 206 362
417 163 596 205 ORAT.
630 163 748 205 PRO
781 164 830 205 T.
864 161 1062 203 ANNIO
1097 161 1340 204 MILONE

77 277 120 319 id
154 277 285 319 ferret
314 277 490 318 civitas!
556 277 678 317 Nunc
714 276 823 317 enim
856 275 947 331 quis
983 279 1050 317 est
1081 274 1151 330 qui
1179 289 1262 316 non
1292 276 1454 330 probet,
1486 276 1556 331 qui
1588 291 1674 317 non

77 343 237 394 laudet,
268 342 337 398 qui
368 358 451 383 non
482 357 610 382 unum
637 347 735 396 post
765 341 979 382 hominum
1010 340 1254 381 memoriam
1286 340 1335 381 T.
1370 341 1556 382 Annium
1585 343 1675 397 plu-

78 408 229 449 rimum
250 408 309 449 rei
331 408 522 463 publicae
550 406 770 462 profuisse,
793 405 977 446 maxima
1007 405 1172 447 laetitia
1201 406 1399 461 populum
1422 406 1673 456 Romanum,

79 478 277 515 cunctam
313 473 492 522 Italiam,
535 471 730 512 nationes
763 485 908 512 omnes
948 471 1137 512 affecisse
1174 476 1218 512 et
1258 470 1374 511 dicat
1406 477 1451 512 et
1490 472 1676 514 sentiat?

80 539 175 580 Non
211 553 317 593 queo
347 542 492 578 vetera
520 537 589 577 illa
621 535 763 591 populi
793 535 973 576 Romani
1006 536 1160 591 gaudia
1191 540 1350 590 quanta
1380 536 1537 578 fuerint
1563 537 1675 592 judi-

78 618 198 644 care:
246 603 402 643 multas
442 608 585 642 tamen
631 601 721 655 jam
761 615 1020 641 summorum
1069 600 1371 656 imperatorum
1422 601 1676 643 clarissimas

76 668 274 709 victorias
306 672 426 709 aetas
459 672 607 708 nostra
638 665 756 714 vidit,
787 680 964 721 quarum
996 666 1109 706 nulla
1140 680 1275 721 neque
1308 670 1398 707 tam
1434 666 1677 708 diuturnam

77 734 224 775 attulit
264 733 470 774 laetitiam
509 747 587 773 nec
623 735 802 773 tantam.
865 730 1074 773 Mandate
1110 732 1190 772 hoc
1227 731 1467 780 memoriae,
1496 732 1676 786 judices.

80 800 210 855 Spero
232 800 366 840 multa
386 814 461 840 vos
482 799 719 853 liberosque
739 802 903 838 vestros
924 797 965 837 in
987 813 1031 838 re
1053 798 1221 853 publica
1241 799 1351 838 bona
1372 812 1465 839 esse
1486 798 1672 845 visuros3

77 865 119 906 in
141 865 206 906 his
227 864 402 920 singulis
424 865 484 905 ita
515 876 680 919 semper
702 862 998 904 existimabitis
1019 863 1111 904 vivo
1146 862 1197 904 P.
1223 862 1368 903 Clodio
1400 863 1500 903 nihil
1533 878 1677 904 eorum

77 945 153 972 vos
181 931 345 971 visuros
378 930 520 970 fuisse.
585 929 635 969 In
665 943 782 984 spem
810 927 1034 968 maximam
1062 933 1106 970 et
1137 929 1487 983 quemadmodum
1509 929 1674 969 confido

78 996 340 1037 verissimam
375 1010 519 1035 sumus
555 994 738 1044 adducti.
768 993 877 1033 hunc
909 993 1044 1048 ipsum
1081 1008 1246 1043 annum,
1278 994 1357 1034 hoc
1388 994 1480 1048 ipso
1513 1008 1676 1034 summo

78 1061 167 1102 viro
205 1060 386 1108 consule,
426 1074 668 1115 compressa
703 1058 917 1099 hominum
956 1058 1135 1109 licentia,
1172 1058 1478 1114 cupiditatibus
1513 1058 1674 1107 fractis,

77 1126 243 1180 legibus
280 1130 323 1166 et
354 1125 524 1179 judiciis
561 1124 816 1173 constitutis,
851 1123 1080 1164 salutarem
1112 1124 1273 1164 civitati
1305 1123 1407 1164 sore.
1471 1123 1678 1178 Numquis

80 1196 146 1232 est
176 1190 305 1245 igitur
337 1194 426 1231 tam
457 1190 629 1230 demens
658 1188 728 1243 qui
759 1189 839 1228 hoc
864 1188 914 1228 P.
939 1188 1084 1228 Clodio
1105 1188 1197 1229 vivo
1221 1188 1466 1243 contingere
1489 1189 1677 1242 potuisse

79 1255 335 1296 arbitretur?
397 1254 518 1306 Quid,
543 1268 592 1294 ea
613 1268 719 1308 quae
740 1252 898 1294 tenetis
928 1252 1091 1306 privata
1121 1258 1251 1308 atque
1273 1257 1414 1294 vestra
1435 1253 1678 1294 dominante

79 1321 244 1361 homine
266 1319 420 1359 furioso
444 1319 554 1373 quod
572 1319 642 1373 jus
663 1322 892 1373 perpetuae
913 1318 1188 1372 possessionis
1209 1319 1364 1359 habere
1385 1318 1650 1373 potuissent?

139 1385 330 1425 XXIX.
365 1384 460 1424 Non
488 1384 629 1433 timeo,
656 1383 833 1438 judices,
857 1397 909 1423 ne
941 1383 1034 1423 odio
1066 1383 1381 1425 inimicitiarum
1412 1398 1597 1424 mearum
1618 1383 1678 1423 in-

78 1451 319 1491 flammatus
354 1449 552 1490 libentius
588 1449 690 1489 haec
731 1448 773 1488 in
814 1448 929 1488 illum
966 1462 1156 1489 evomere
1192 1449 1335 1490 videar
1366 1464 1490 1504 quam
1527 1449 1678 1491 verius,

82 1515 253 1557 Etenim
275 1515 309 1555 si
331 1514 602 1570 praecipuum
625 1528 717 1555 esse
747 1514 942 1563 debebat,
965 1519 1108 1555 tamen
1140 1514 1199 1555 ita
1230 1515 1460 1555 communis
1483 1520 1574 1555 erat
1595 1529 1680 1554 om-

80 1581 194 1622 nium
220 1580 286 1621 ille
318 1580 467 1629 hostis,
495 1585 543 1621 ut
576 1580 618 1619 in
651 1579 860 1619 communi
896 1579 989 1619 odio
1021 1594 1152 1634 paene
1187 1579 1418 1635 aequaliter
1442 1586 1680 1621 versaretur

82 1647 220 1687 odium
242 1660 394 1686 meum.
457 1645 552 1685 Non
576 1649 717 1699 potest
740 1644 821 1685 dici
843 1644 959 1692 satis,
984 1659 1034 1685 ne
1066 1644 1242 1699 cogitari
1273 1645 1451 1700 quidem„
1477 1650 1680 1699 quantuni

82 1712 124 1752 in
145 1712 213 1751 illo
236 1710 417 1760 sceleris,
443 1715 645 1765 quantum
673 1709 790 1750 exitii
823 1709 963 1750 fuerit.
1027 1709 1136 1761 Quin
1167 1711 1226 1751 sic
1255 1710 1476 1758 attendite,
1501 1710 1678 1764 judices.

85 1776 247 1830 Nempe
269 1776 372 1816 haec
395 1781 461 1816 est
483 1775 674 1829 quaestio
696 1775 747 1814 de
779 1774 953 1815 interitu
988 1774 1037 1814 P.
1061 1774 1208 1815 Clodii.
1272 1775 1443 1829 Fingite
1472 1774 1680 1815 animis—-

1771 1028 1816 1050 do<

129 1912 205 1941 Non
232 1911 325 1950 queo]
375 1913 394 1928 “
411 1910 451 1940 So
479 1910 588 1940 Cicero
614 1910 728 1949 always
756 1910 858 1940 writes

84 1954 117 1984 in
140 1954 195 1984 the
220 1955 289 1983 first
313 1963 437 1993 person,
463 1957 519 1982 not
543 1953 692 1992 nequeo''
718 1952 858 1993 (Halm).

86 1998 118 2027 It
137 2007 207 2035 may
224 1997 262 2026 be
278 2007 325 2032 so,
344 1997 400 2026 but
416 1997 440 2026 it
455 1997 517 2025 will
542 1996 580 2025 be
602 1996 678 2025 hard
703 2000 736 2025 to
752 2006 858 2035 prove.

905 1911 991 1940 S.—⁴
1005 1911 1207 1950 praecipuum
1221 1911 1242 1941 :'
1267 1911 1328 1941 this
1344 1912 1370 1941 is
1387 1912 1551 1950 explained
1567 1911 1609 1951 by
1626 1911 1680 1941 the

904 1953 990 1982 word
1016 1954 1155 1993 opposed
1171 1958 1204 1983 to
1225 1955 1260 1990 it,
1285 1959 1291 1971 ‘
1306 1955 1501 1984 communis’
1536 1955 1678 1995 (Halm).

87 2040 230 2070 “Codex
260 2050 341 2069 unus
371 2039 504 2069 Memm.
536 2039 641 2074 habet,
667 2040 743 2069 Non
770 2049 859 2078 queo,

87 2083 170 2122 quod
210 2083 321 2112 Plauto
359 2086 391 2112 et
421 2082 569 2111 Terentio
600 2082 751 2111 usitatum
781 2082 858 2111 est''

88 2125 304 2165 (Lambinus).
351 2125 460 2155 Cicero
483 2125 623 2164 (Orator,
650 2135 676 2154 c.
699 2125 753 2164 47)
780 2135 860 2164 says,

88 2172 108 2185 ‘⁸
123 2170 198 2198 Non
212 2170 296 2198 scire
312 2168 438 2207 quidem
461 2167 626 2197 barbarum
648 2168 713 2206 jam
730 2168 860 2203 videtur,

87 2213 211 2241 nescire
226 2210 381 2240 dulcius?

133 2255 182 2283 his
210 2254 360 2292 sinqulis]
409 2253 446 2282 T.
473 2253 509 2282 E.
537 2253 591 2289 S.;
623 2253 678 2282 ‘iis
709 2253 862 2292 singulis,'

90 2296 253 2332 Garatoni,
274 2296 379 2331 Halm,
398 2296 514 2325 Baiter.
559 2296 628 2325 The
649 2296 813 2325 confusion
831 2297 863 2326 in

89 2339 144 2369 the
160 2339 254 2368 MSS.
272 2339 412 2368 between
430 2338 496 2367 ‘hi’
521 2339 582 2368 and
607 2338 668 2373 ‘ii‚'
695 2339 776 2368 ‘his'
801 2340 863 2369 and

91 2381 166 2411 ‘iis’
198 2382 224 2411 is
255 2381 325 2410 well
351 2382 478 2416 known,
506 2381 568 2410 and
593 2381 648 2411 has
671 2381 750 2411 been
776 2382 863 2412 often

89 2424 224 2454 noticed.
271 2424 339 2453 The
362 2434 447 2453 error
463 2424 497 2453 of
515 2424 644 2453 modern
668 2424 783 2454 editors
806 2425 862 2455 has

90 2467 248 2506 generally
264 2466 342 2496 been
365 2467 398 2496 in
421 2467 577 2506 changing
595 2467 649 2496 the
666 2467 861 2497 demonstra-

90 2511 153 2540 tive
171 2509 255 2539 ‘hic'
281 2514 312 2538 to
339 2509 392 2538 the
416 2510 528 2548 simple
545 2510 628 2539 word
651 2510 686 2539 of
706 2511 863 2540 reference

92 2553 137 2582 ‘is
150 2551 169 2587 ;'
193 2552 254 2581 and
270 2552 295 2581 it
310 2552 335 2582 is
352 2562 391 2581 an
408 2562 493 2581 error
509 2556 541 2582 to
558 2553 597 2582 do
614 2562 648 2582 so
664 2553 749 2583 here.
795 2554 863 2584 The

91 2595 176 2625 word
193 2597 200 2611 ⁴
212 2593 275 2624 his’
293 2595 318 2624 is
334 2595 501 2633 emphatic.

135 2640 186 2668 29.
223 2637 388 2675 libentius]
444 2640 552 2667 ‘more
593 2637 673 2667 from
716 2638 861 2676 passion’

92 2679 234 2720 (Halm).
269 2680 347 2709 This
361 2680 388 2709 is
404 2679 458 2709 the
473 2680 558 2718 right
574 2681 770 2710 translation.
795 2681 863 2711 The

92 2733 147 2753 use
172 2723 208 2753 of
235 2723 288 2752 the
317 2722 400 2751 word
427 2722 568 2757 ‘libido,'
596 2723 764 2762 ‘passi0n‚'
793 2727 862 2753 ‘ca-

93 2765 199 2805 price,’
221 2766 283 2795 will
306 2765 431 2804 explain
447 2765 510 2795 this
527 2765 620 2794 word.
667 2766 735 2795 The
760 2776 864 2796 coarse

93 2808 257 2847 metaphor
285 2808 465 2837 ‘evomere'
497 2818 605 2837 occurs
635 2808 803 2838 elsewhere
832 2809 864 2838 in

93 2852 202 2883 Cicero
218 2851 278 2881 and
295 2851 326 2880 in
342 2851 490 2880 Terence.

137 2895 266 2924 Etenim
282 2893 326 2933 si]
353 2893 392 2923 T.
410 2893 447 2923 E.
471 2893 597 2930 Baiter;
622 2893 759 2923 ‘etenim
786 2893 861 2923 etsi*

905 1996 1014 2026 Cicero
1035 1997 1215 2026 sometimes
1227 1997 1312 2036 joins
1328 1997 1352 2026 it
1368 1997 1443 2027 with
1470 2000 1478 2014 ⁴
1493 1996 1679 2037 proprium‚'

904 2049 938 2069 as
963 2042 981 2055 ‘⁴
994 2040 1197 2079 praecipuum
1218 2041 1307 2069 illum
1325 2044 1357 2070 et
1373 2041 1534 2080 proprium
1552 2051 1678 2070 sensum

905 2081 1018 2111 doloris
1043 2083 1114 2117 mei,
1133 2093 1226 2122 quem
1248 2088 1353 2113 tamen
1369 2094 1425 2112 vos
1447 2093 1645 2113 communem
1659 2083 1679 2096 ''

906 2124 971 2164 (De
989 2125 1079 2155 Prov.
1098 2125 1193 2156 Cons.
1212 2136 1237 2156 c.
1258 2126 1301 2165 l).
1347 2126 1416 2156 The
1437 2136 1527 2156 sense
1542 2127 1568 2155 is
1585 2126 1680 2164 easily

906 2168 1031 2197 derived
1045 2168 1124 2198 from
1141 2169 1196 2198 the
1211 2169 1286 2198 verb
1312 2173 1319 2186 ⁴
1332 2169 1532 2208 praecipere,'
1558 2173 1591 2198 to
1607 2169 1681 2198 take

906 2211 968 2239 and
989 2212 1189 2250 appropriate
1213 2212 1391 2250 something
1415 2215 1471 2241 out
1494 2212 1530 2242 of
1552 2222 1571 2241 a
1596 2211 1682 2251 large

909 2264 1002 2289 mass²
1016 2264 1049 2283 as
1061 2254 1114 2284 the
1129 2257 1135 2271 ‘
1149 2255 1238 2285 heres
1250 2254 1257 2267 ’
1269 2265 1304 2284 or
1316 2255 1435 2294 legatee
1450 2255 1483 2284 in
1496 2264 1582 2284 some
1595 2264 1680 2284 cases

908 2297 1009 2335 might
1025 2298 1065 2327 do
1082 2297 1156 2326 with
1181 2301 1304 2337 respect
1327 2301 1359 2327 to
1385 2298 1439 2327 the
1467 2298 1644 2327 ‘hereditas
1661 2297 1680 2326 ι’

909 2342 1036 2379 “quum
1051 2341 1210 2379 peculium
1227 2344 1383 2370 castrense
1399 2341 1480 2370 filius
1493 2341 1585 2370 etiam
1599 2341 1682 2369 inter

907 2383 1063 2421 legitimos
1098 2383 1228 2413 heredes
1265 2383 1467 2422 praecipuum
1513 2384 1648 2413 retineat
1661 2382 1681 2395 ’'

908 2425 1086 2465 (Papinian,
1105 2426 1176 2465 Dig.
1193 2428 1244 2457 40.
1262 2429 1291 2456 5.
1309 2428 1361 2462 23,
1382 2429 1396 2463 ξ
1413 2426 1460 2466 2).

956 2470 1039 2504 Quin
1071 2491 1078 2498 .
1108 2492 1114 2499 .
1141 2491 1148 2498 .
1181 2469 1352 2508 attendite]
1425 2472 1432 2485 ‘
1456 2469 1554 2499 Come
1591 2468 1678 2501 then.

907 2511 1015 2541 attend
1031 2515 1064 2541 to
1080 2512 1164 2541 what
1181 2512 1195 2541 I
1215 2522 1265 2541 am
1282 2512 1378 2550 going
1392 2515 1426 2541 to
1443 2513 1520 2550 say-¹
1555 2514 1562 2528 ‘
1575 2509 1681 2544 Quin’

908 2554 982 2583 here
996 2565 1029 2582 :-
1046 2558 1053 2570 ⁴
1066 2554 1169 2593 potius
1182 2554 1189 2567 ’
1207 2553 1348 2594 (Halm).
1381 2555 1458 2584 This
1468 2555 1495 2584 is
1508 2564 1526 2584 a
1538 2554 1682 2583 mistake.

911 2597 942 2626 It
967 2597 994 2626 is
1019 2597 1074 2626 the
1099 2597 1179 2627 form
1204 2600 1211 2613 ⁴
1225 2598 1288 2630 Qui
1311 2607 1375 2627 non
1393 2619 1400 2627 .
1419 2619 1425 2627 .
1445 2619 1451 2626 .
1476 2597 1638 2626 attenditis
1652 2594 1681 2625 ?’

909 2639 1009 2669 which
1025 2639 1154 2669 became
1176 2640 1283 2673 ‘Quin
1308 2639 1493 2675 attenditis,’
1518 2639 1580 2669 and
1604 2639 1682 2668 then

908 2683 916 2698 ‘
931 2682 1015 2715 Quin
1031 2681 1206 2712 attendite!
1251 2683 1355 2712 There
1378 2693 1431 2712 are
1453 2683 1563 2722 plenty
1578 2681 1613 2710 of
1628 2691 1682 2710 ex-

907 2726 1136 2764 amples.—‘ut
1163 2735 1199 2754 ea
1223 2735 1386 2755 cernamus
1414 2735 1494 2765 quae
1517 2733 1580 2753 non
1596 2724 1682 2752 vide-

910 2778 979 2797 mus
991 2767 1010 2797 :'
1043 2767 1094 2804 C.3
1125 2768 1185 2797 and
1214 2768 1399 2797 Gulielmius
1430 2766 1586 2806 preferred
1617 2766 1681 2795 this

909 2810 1101 2848 reading.—‘
1114 2811 1300 2840 conditionis
1317 2820 1403 2840 meae
1415 2811 1434 2839 :'
1453 2813 1460 2826 ⁴
1473 2809 1507 2838 of
1519 2809 1573 2838 the
1585 2812 1682 2838 tei-ms

910 2853 1010 2882 which
1029 2853 1043 2882 1
1061 2863 1195 2892 propose
1208 2853 1215 2866 ’
1234 2852 1374 2893 (Halm).
