1899 3227
744 172 879 215 οΑΡ.
913 175 978 224 14,
1013 175 1080 215 15.
1629 175 1709 218 107

115 287 206 341 ejus
240 287 374 328 tutela
411 286 559 337 Gallia,
593 286 713 341 cujus
739 286 901 334 virtuti,
932 286 1043 335 fidei,
1076 285 1269 328 felicitati
1305 288 1596 328 commendata
1631 292 1709 338 est,

114 352 184 406 qui
213 352 261 400 si,
286 352 503 393 Fortunae
528 351 769 392 muneribus
792 351 1062 406 amplissimis
1089 356 1262 392 ornatus
1289 351 1456 406 saepius
1487 352 1578 405 ejus
1610 353 1712 392 deae

112 416 342 471 periculum
363 417 503 457 facere
523 415 665 465 nollet,
687 416 723 456 si
744 416 786 456 in
802 416 996 471 patriam,
1019 416 1054 457 si
1082 417 1135 456 ad
1159 417 1260 457 deos
1281 421 1468 471 penates,
1492 416 1527 456 51
1547 417 1601 456 ad
1622 431 1713 457 eam

113 481 376 536 dignitatem,
411 496 536 537 quam
569 481 611 521 111
643 481 814 523 civitate
847 481 926 522 sibi
959 481 1220 537 propositam
1251 481 1379 529 videt,
1414 480 1449 521 si
1482 481 1536 521 ad
1562 481 1713 535 jucun——

113 546 305 587 dissimos
325 546 491 597 liberos,
516 546 550 586 si
571 547 625 587 ad
647 547 924 587 clarissimum
943 561 1145 601 generum
1176 546 1310 587 redire
1331 551 1589 601 properaret,
1614 545 1649 586 si
1670 545 1711 585 in

115 609 367 665 Capitolium
398 611 536 652 invehi
558 611 695 652 victor
727 626 820 652 cum
842 611 911 651 illa
936 611 1088 666 insigni
1112 611 1235 658 laude
1265 611 1455 666 gestiret,
1479 611 1514 651 si
1535 610 1711 665 denique

110 675 281 716 timeret
320 690 462 716 casum
501 676 694 730 aliquem,
732 675 802 730 qui
841 675 897 715 illi
938 680 1104 717 tantum
1139 676 1293 716 addere
1324 676 1412 729 jam
1448 690 1530 716 11011
1570 681 1712 731 potest

110 745 311 794 quantum
333 740 508 789 auferre,
531 755 607 780 nos
637 745 778 781 tamen
809 744 1025 794 oporteret
1055 741 1109 781 ab
1140 741 1287 781 eodem
1317 741 1387 780 illa
1413 740 1550 781 omnia
1579 755 1603 780 a
1630 754 1711 794 quo

109 805 333 859 profligata
353 810 452 846 sunt
469 805 618 846 confici
634 804 749 845 velle.
789 805 926 856 Quum
948 819 1045 845 vero
1067 804 1133 844 ille
1155 819 1254 845 suae
1270 804 1426 858 gloriae
1444 804 1710 859 jampridem,

109 869 168 909 rei
186 869 376 924 publicae
397 870 580 910 nondum
600 868 868 919 satisfecerit,
890 874 934 910 et
954 869 1072 910 malit
1091 873 1233 909 tamen
1264 869 1427 909 tardius
1457 870 1511 909 ad
1541 883 1710 909 suorum

108 933 299 974 laborum
319 935 482 976 fructus
503 933 719 989 pervenire
736 948 860 988 quam
880 948 965 974 non
986 934 1154 988 explere
1175 939 1418 988 susceptum
1438 933 1495 974 rei
1517 934 1710 988 publicae

108 1013 270 1049 munus,
289 1014 366 1039 nec
390 999 688 1054 imperatorem
709 999 924 1039 incensum
944 999 998 1038 ad
1020 1013 1105 1039 rem
1127 998 1335 1053 publicam
1357 998 1462 1039 bene
1483 999 1710 1053 gerendam

107 1077 316 1115 revocare,
349 1079 426 1104 nec
459 1069 595 1105 totam
629 1063 778 1104 Gallici
808 1063 904 1104 belli
935 1063 1143 1104 rationem
1177 1077 1306 1119 prope
1335 1063 1423 1117 jam
1459 1063 1709 1118 explicatam

108 1129 356 1183 perturbare
377 1133 504 1184 atque
528 1128 729 1183 impedire
751 1128 962 1168 debemus.

168 1192 276 1234 XV.
311 1193 420 1233 Nam
456 1193 549 1234 illae
582 1192 816 1234 sententiae
844 1193 1024 1233 virorum
1056 1192 1378 1233 clarissimorum
1414 1192 1583 1233 minime
1616 1207 1708 1246 pro-

108 1258 271 1298 bandae
301 1263 411 1306 sunt,
436 1272 612 1312 quorum
639 1257 746 1299 alter
773 1257 1014 1298 ulteriorem
1038 1257 1219 1297 Galliam
1241 1257 1428 1298 decernit
1457 1272 1551 1297 011111
1575 1256 1705 1311 Syria,

107 1323 216 1363 alter
251 1322 499 1363 citeriorem.
563 1322 643 1373 Qui
679 1322 928 1371 ulteriorem,
965 1322 1104 1362 omnia
1144 1322 1214 1362 illa
1254 1322 1303 1362 de
1344 1322 1496 1376 quibus
1531 1321 1707 1362 disserui

107 1387 245 1441 paullo
267 1392 364 1427 ante
386 1387 633 1442 perturbat3
669 1386 791 1427 simul
813 1386 1000 1427 ostendit
1021 1401 1110 1427 eam
1134 1401 1178 1426 se
1200 1386 1305 1427 scire
1322 1386 1456 1440 legem
1474 1401 1599 1440 quam
1615 1400 1707 1426 esse

107 1452 241 1505 legem
263 1456 401 1505 neget,
426 1456 470 1492 et
491 1465 597 1505 quae
625 1466 723 1505 pars
750 1451 986 1505 provinciae
1019 1451 1085 1501 sit,
1112 1451 1178 1491 cui
1209 1466 1291 1491 non
1323 1450 1458 1505 possit
1488 1450 1705 1497 intercedi,

107 1516 214 1556 hanc
232 1529 276 1556 se
293 1515 480 1563 avellere,
499 1530 605 1570 quae
623 1515 884 1556 defensorem
903 1516 1059 1556 habeat
1075 1530 1158 1555 non
1174 1520 1348 1570 tangere
1363 1533 1373 1562 ;
1409 1515 1530 1555 simul
1548 1520 1592 1556 et
1608 1515 1707 1555 illud

106 1580 210 1621 facit
237 1585 297 1631 ut,
321 1580 432 1635 quod
453 1580 509 1620 illi
531 1594 556 1620 a
576 1580 729 1635 populo
757 1580 903 1621 datum
930 1580 998 1629 sit,
1023 1580 1065 1620 id
1094 1595 1177 1621 non
1201 1580 1354 1629 violet,
1391 1581 1503 1635 quod
1533 1586 1706 1622 senatus

140 1741 318 1782 felicitati]
368 1742 429 1772 His
444 1742 526 1781 good
547 1741 682 1778 fortune,
706 1751 767 1772 one
783 1741 818 1771 of
830 1741 884 1772 the

107 1785 251 1825 qualities
267 1785 302 1815 of
314 1795 332 1814 a
343 1789 431 1825 great
444 1785 712 1815 commander.—‘
726 1785 884 1815 Fortunae

107 1828 291 1858 muneribus
304 1827 323 1857 :'
348 1838 400 1858 see
410 1828 488 1858 -Vol.
505 1828 548 1857 iii.
568 1828 678 1858 Index.

141 1872 394 1910 jucundissimos
425 1871 556 1911 liberos]
584 1870 700 1901 Caesar
723 1870 785 1900 had
808 1870 884 1910 only

106 1923 166 1943 one
182 1914 338 1952 daughter
353 1914 450 1949 Julia,
463 1913 533 1943 who
547 1924 609 1944 was
625 1914 759 1943 married
771 1917 804 1943 to
822 1913 881 1943 Cn.

107 1956 294 1996 Pompeius:
321 1956 377 1986 but
393 1957 418 1986 it
433 1957 459 1986 is
476 1957 566 1986 usual
582 1961 616 1986 to
632 1967 686 1996 say
702 1957 811 1986 ‘liberi
825 1956 832 1969 '
851 1955 886 1986 of

105 2009 166 2029 one
192 1999 408 2029 child.-·illa
439 1998 586 2038 insigniz'
611 2009 629 2029 a
654 2009 802 2029 common
827 2009 882 2029 use

105 2042 141 2072 of
170 2043 242 2072 ‘ille
256 2041 274 2078 ς’
311 2042 335 2072 it
372 2043 399 2072 is
435 2042 594 2082 emphatic
626 2042 667 2082 (c.
703 2041 768 2082 12).
813 2042 883 2072 The

105 2085 307 2115 commander
318 2086 351 2115 in
361 2085 410 2115 his
423 2085 565 2124 triumph
578 2095 660 2115 wore
672 2085 728 2114 the
740 2089 746 2101 ‘
759 2084 881 2114 laurea’

105 2137 147 2157 on
163 2128 211 2157 his
227 2127 318 2157 head.
355 2128 449 2158 Some
465 2128 599 2158 editions
616 2128 695 2158 have
712 2129 719 2143 ‘
731 2126 860 2157 laurea.'

143 2170 335 2210 prqfliyata]
372 2170 442 2200 The
472 2171 557 2200 word
588 2180 689 2201 seems
718 2174 752 2200 to
791 2180 883 2200 mean

108 2215 116 2230 ‘
127 2213 207 2243 have
223 2213 302 2243 been
319 2223 354 2243 so
371 2213 418 2243 far
433 2213 551 2243 carried
564 2213 571 2226 '
590 2223 625 2243 or
641 2216 648 2229 ⁴
663 2223 698 2243 so
715 2213 761 2243 far
777 2212 881 2242 done!

107 2255 227 2286 Gellius
244 2255 307 2296 (xv.
327 2256 359 2294 5)
385 2256 497 2296 speaks
524 2256 561 2286 of
581 2256 636 2286 the
660 2255 757 2286 abuse
773 2255 809 2285 of
828 2256 883 2285 the

106 2299 253 2337 meaning
281 2299 317 2328 of
339 2299 403 2329 this
426 2299 530 2328 word:
580 2302 687 2329 “nam
717 2308 815 2338 quum
844 2298 882 2328 ab

105 2341 272 2380 affligendo
309 2345 341 2371 et
377 2341 416 2371 ad
446 2342 617 2381 perniciem
654 2342 882 2381 interitumque

105 2383 288 2414 deducendo
317 2384 501 2414 inclinatum
539 2385 571 2414 id
604 2387 804 2424 tractumque
829 2384 880 2418 sit,

106 2435 290 2466 semperque
315 2436 352 2457 eo
376 2427 471 2457 verbo
495 2428 548 2467 qui
571 2427 736 2466 diligenter
760 2427 881 2466 loquuti

107 2472 181 2497 sunt
197 2468 240 2498 ita
256 2469 303 2498 usi
320 2472 394 2499 sunt
410 2473 446 2499 ut
455 2471 636 2510 profliyare
651 2470 791 2499 dicerent
802 2478 882 2508 pro-

106 2511 215 2549 diqere
230 2513 262 2540 et
277 2511 460 2550 deperdere,
472 2515 725 2552 profliqalasque
734 2522 783 2542 res
795 2512 882 2552 quasi

104 2554 274 2592 profliclas
311 2557 343 2583 et
376 2555 525 2592 perdilas
559 2555 767 2595 appellarent,
798 2565 883 2584 nunc

105 2595 198 2625 audio
222 2595 363 2625 aedificia
378 2600 411 2626 et
426 2597 545 2636 templa
567 2603 600 2628 et
621 2598 682 2627 alia
704 2598 768 2627 fere
785 2598 884 2628 multa

106 2648 186 2677 quae
203 2648 302 2678 prope
317 2637 461 2668 absoluta
471 2639 644 2679 affectaque
657 2644 742 2676 sunt,
756 2642 789 2670 in
801 2649 880 2679 pro-

95 2682 215 2720 fliyato
247 2690 312 2710 esse
350 2680 421 2716 dici,
452 2681 582 2721 ipsaque
611 2692 679 2712 esse
704 2684 881 2722 profliyala

103 2723 204 2762 jam.'’
252 2723 317 2753 But
345 2723 466 2753 Gellius
494 2724 521 2753 is
548 2724 702 2754 mistaken
729 2735 763 2755 as
787 2735 881 2764 many

105 2766 209 2796 critics
230 2765 309 2796 have
325 2766 445 2795 shown.
493 2769 500 2782 ⁸
515 2766 681 2805 Profligata
695 2767 702 2780 '
719 2776 828 2797 occurs
849 2768 881 2797 in

105 2808 160 2838 the
174 2809 421 2838 Monumentum
434 2807 648 2847 Aneyranum,
661 2812 680 2826 ⁴⁴
689 2813 799 2848 coepta
809 2820 881 2849 pro-

104 2851 274 2891 fligataque
297 2861 393 2890 opera
410 2873 416 2880 .
436 2873 443 2880 .
460 2850 610 2889 perfeci,''
627 2852 658 2880 in
675 2852 784 2882 Cicero
804 2853 882 2882 else-

105 2894 220 2930 where,
244 2894 276 2924 in
305 2894 445 2929 Tacitus,
461 2893 523 2923 and
548 2894 580 2923 in
605 2893 693 2934 Livy.
719 2894 793 2934 (See
807 2904 834 2924 0.
851 2897 882 2931 8,

929 1744 937 1758 ‘
951 1741 1084 1772 affecta!

975 1785 1023 1815 15.
1047 1740 1233 1815 ulferiorem
1254 1783 1410 1822 Galliam]
1438 1783 1499 1813 We
1522 1783 1595 1813 11010
1619 1783 1706 1813 learn

928 1827 999 1856 that
1025 1837 1086 1857 one
1111 1826 1306 1866 proposition
1331 1837 1393 1855 was
1421 1830 1454 1856 to
1478 1827 1580 1865 assign
1606 1826 1708 1855 Gallia

928 1870 1071 1900 Ulterior
1094 1879 1130 1900 or
1155 1870 1290 1900 Citerior
1317 1869 1378 1898 and
1407 1869 1495 1908 Syria
1518 1874 1551 1898 to
1575 1869 1629 1898 the
1645 1872 1706 1897 two

928 1913 1054 1943 consuls
1070 1913 1141 1942 who
1157 1912 1270 1941 should
1295 1912 1333 1941 be
1357 1912 1487 1941 elected.
1534 1911 1622 1941 Thus
1643 1912 1706 1941 Ga-

927 1955 1033 1986 binius
1050 1955 1153 1985 would
1176 1955 1215 1984 be
1237 1954 1371 1984 recalled
1394 1954 1455 1984 and
1473 1954 1587 1985 Caesar
1604 1954 1706 1984 would

927 1999 993 2028 lose
1007 2009 1068 2029 one
1084 1998 1119 2028 of
1132 1998 1179 2027 his
1196 1998 1370 2036 provinces.

971 2051 1039 2071 eam
1061 2051 1095 2071 se
1123 2042 1206 2071 scire
1237 2041 1334 2079 leyem
1359 2050 1453 2079 qnam
1477 2040 1558 2079 esse]
1585 2039 1624 2070 G.
1642 2039 1705 2076 E.;

928 2087 935 2101 ¹
948 2094 1016 2114 eam
1028 2084 1143 2113 sentire
1154 2084 1253 2122 legem
1268 2093 1335 2112 esse
1346 2082 1354 2095 ¹
1373 2083 1422 2113 1’1.
1446 2083 1581 2111 Various
1594 2082 1704 2112 altera-

928 2127 1012 2156 tions
1027 2127 1106 2156 have
1123 2126 1200 2156 been
1218 2125 1374 2165 proposed
1391 2125 1474 2155 here.
1501 2125 1531 2154 lt
1548 2125 1574 2154 is
1590 2125 1704 2154 doubt-

927 2170 974 2199 ful
1000 2170 1141 2199 whether
1163 2168 1281 2198 ‘scire’
1306 2169 1333 2198 is
1360 2168 1414 2198 the
1440 2168 1525 2206 right
1549 2167 1645 2201 word,
1670 2178 1706 2197 or

929 2216 936 2230 ‘
949 2213 1064 2242 sentire
1076 2212 1083 2225 '
1109 2222 1144 2242 or
1160 2211 1340 2250 something
1356 2211 1429 2240 else.
1475 2210 1544 2240 Tho
1567 2220 1663 2245 error,
1681 2211 1708 2240 if

927 2255 1016 2286 there
1032 2256 1058 2285 is
1081 2265 1154 2294 any,
1171 2255 1227 2284 lies
1243 2254 1340 2284 there.
1400 2254 1463 2283 But
1487 2253 1542 2283 the
1558 2253 1705 2290 meaning

928 2298 954 2328 is
970 2298 1097 2328 certain.
1143 2298 1212 2327 The
1226 2297 1289 2326 Lex
1306 2296 1342 2326 of
1355 2296 1501 2326 Vatinius
1517 2306 1592 2334 gave
1604 2296 1705 2326 Gallia

926 2341 1061 2371 Citerior
1072 2340 1135 2370 and
1147 2340 1308 2379 Illyricum
1320 2344 1352 2369 to
1366 2340 1490 2369 Cacsar.
1516 2339 1584 2368 The
1597 2344 1704 2369 senate

926 2394 1003 2423 gave
1018 2384 1082 2413 him
1101 2384 1201 2413 Gallia
1215 2382 1431 2421 Transalpina.
1481 2382 1530 2411 He
1546 2382 1615 2412 who
1632 2391 1704 2421 pro-

926 2426 1024 2466 posed
1040 2430 1073 2456 to
1098 2426 1172 2456 take
1196 2426 1276 2455 from
1302 2425 1418 2455 Caesar
1442 2425 1542 2455 Gallia
1557 2424 1704 2454 Transal-

927 2470 1003 2509 pina
1031 2469 1093 2499 and
1117 2472 1151 2499 to
1177 2469 1263 2498 leave
1289 2468 1354 2497 him
1379 2468 1523 2502 Citerior,
1551 2467 1702 2497 admitted

927 2512 996 2542 that
1022 2512 1077 2542 the
1107 2512 1170 2541 Lex
1188 2511 1223 2541 of
1246 2511 1392 2540 Vatinius
1408 2520 1470 2539 was
1497 2520 1515 2540 a
1532 2510 1608 2544 Lex,
1626 2520 1702 2538 even

927 2555 1049 2593 though
1072 2555 1111 2584 he
1137 2554 1238 2591 might
1265 2554 1346 2593 deny
1373 2553 1443 2582 that
1467 2553 1490 2582 it
1517 2563 1588 2582 was.
1635 2553 1703 2581 The

929 2601 937 2614 ⁴
952 2608 1023 2637 pars
1039 2597 1218 2636 provinciae
1246 2597 1294 2626 cui
1324 2606 1386 2625 non
1414 2596 1513 2635 possit
1529 2595 1678 2625 intercedi
1694 2593 1701 2605 '

925 2640 951 2670 is
967 2640 1177 2679 Transalpina
1193 2639 1293 2668 which
1317 2639 1371 2668 the
1396 2642 1504 2668 senate
1528 2637 1700 2670 conferri-d,

925 2683 987 2712 and
1003 2683 1034 2712 in
1052 2683 1122 2712 that
1137 2686 1252 2711 matter
1268 2682 1321 2711 the
1336 2681 1469 2711 Tribuni
1486 2680 1545 2710 had
1563 2690 1603 2709 no
1620 2684 1699 2708 veto.

925 2726 994 2755 The
1013 2725 1173 2764 provincia
1191 2729 1197 2741 ‘
1211 2734 1291 2764 quae
1307 2724 1502 2753 defensorem
1522 2721 1650 2751 hnlwat'
1675 2721 1700 2749 is

927 2768 1072 2798 Citerior.
1122 2768 1151 2797 lt
1166 2778 1229 2796 was
1251 2766 1412 2796 conferred
1435 2765 1473 2804 hy
1491 2765 1544 2793 111(-
1565 2763 1700 2801 Populus

926 2811 987 2840 and
1004 2811 1058 2839 the
1082 2810 1215 2840 Tribuni
1232 2809 1333 2838 would
1360 2807 1509 2838 maintuin
1538 2805 1698 2835 (λιι-5111111

927 2853 1015 2882 it..—‘
1028 2853 1107 2882 hanc
1123 2863 1156 2882 se
1165 2853 1297 2882 nvellvre
1310 2851 1329 2880 :'
1355 2851 1460 2880 Baiter
1470 2849 1572 2877 writes
1589 2851 1596 2863 ⁴
1610 2857 1678 2875 011111
1691 2846 1698 2858 '

928 2895 975 2925 for
992 2895 1114 2925 *11111103
1164 2895 1196 2925 Ρ.
1214 2895 1270 2924 has
1286 2898 1293 2910 ⁴
1305 2893 1368 2923 an.'
