1816 3211
517 522 579 561 M.
614 518 830 560 TULLII
864 517 1190 560 CICERONIS

815 657 898 684 PRO

181 789 440 865 REGE
531 785 1051 874 DEIOTARO
1145 745 1522 858 ORATIO

455 966 630 1007 APUD
665 965 871 1008 CAIUM
906 964 1257 1007 CAESAREM.

122 1261 156 1302 I.
191 1260 328 1311 Quum
361 1258 402 1298 in
434 1257 626 1298 omnibus
663 1256 821 1298 caussis
856 1255 1128 1311 gravioribus,
1168 1254 1215 1296 C.
1240 1255 1406 1302 Caesar,
1441 1253 1558 1294 initio
1594 1253 1652 1293 di-

64 1325 182 1366 cendi
218 1323 468 1364 commoveri
501 1323 656 1362 soleam
691 1321 976 1362 vehementius
1013 1336 1136 1376 quam
1168 1320 1333 1361 videtur
1363 1319 1426 1360 vel
1459 1333 1558 1359 usus
1590 1317 1655 1358 vel

62 1395 179 1431 aetas
200 1404 293 1429 mea
313 1388 537 1443 postulare,
560 1392 651 1427 tum
673 1386 714 1426 in
734 1387 812 1426 hac
834 1401 980 1426 caussa
1001 1386 1061 1427 ita
1080 1399 1145 1425 me
1167 1385 1299 1426 multa
1325 1384 1573 1439 perturbant
1595 1388 1654 1430 ut,

63 1460 266 1510 quantum
298 1468 393 1494 mea
424 1453 529 1493 fides
564 1451 691 1493 studii
724 1451 824 1491 mihi
858 1451 1004 1492 afferat
1035 1451 1088 1491 ad
1120 1450 1296 1491 salutem
1325 1449 1435 1503 regis
1467 1446 1657 1488 Deiotari

65 1520 376 1568 defendendam,
410 1522 577 1559 tantum
597 1516 812 1557 facultatis
834 1516 960 1556 timor
981 1516 1190 1556 detrahat.
1253 1515 1442 1555 Primum
1464 1513 1557 1554 dico
1579 1527 1655 1567 pro

65 1585 199 1640 capite
230 1584 492 1638 fortunisque
522 1581 646 1637 regis,
682 1581 794 1635 quod
816 1581 962 1635 ipsum,
997 1580 1077 1621 etsi
1106 1595 1191 1620 non
1218 1578 1404 1634 iniquum
1432 1584 1497 1620 est
1518 1578 1560 1618 in
1583 1582 1654 1618 tuo

30 1688 34 1690 .
66 1651 286 1691 dumtaxat
321 1648 516 1703 periculo,
549 1652 689 1688 tamen
721 1650 787 1686 est
821 1645 881 1686 ita
912 1645 1157 1686 inusitatum
1188 1659 1330 1699 regem
1361 1658 1477 1684 reum
1507 1641 1656 1696 capitis

67 1730 170 1765 esse,
194 1720 243 1756 ut
269 1721 366 1754 ante
394 1713 473 1753 hoc
509 1717 677 1765 tempus
708 1725 791 1750 non
822 1709 879 1751 sit
907 1710 1110 1750 auditum.
1173 1709 1337 1749 Deinde
1370 1722 1464 1747 eum
1499 1720 1653 1760 regem,

67 1794 191 1834 quem
213 1793 361 1819 ornare
382 1782 510 1817 antea
526 1780 677 1815 cuncto
692 1788 786 1814 cum
807 1778 955 1814 senatu
977 1774 1161 1813 solebam
1181 1787 1256 1827 pro
1278 1771 1493 1827 perpetuis
1513 1771 1602 1825 ejus
1615 1769 1658 1809 in

67 1848 256 1884 nostram
285 1856 372 1882 rem
402 1840 609 1895 publicam
638 1838 810 1886 meritis,
844 1852 953 1877 nunc
986 1842 1133 1878 contra
1166 1836 1476 1877 atrocissimum
1504 1835 1659 1876 crimen

69 1922 195 1961 cogor
236 1906 469 1946 defendere,
543 1903 724 1943 Accedit
764 1907 811 1943 ut
851 1907 1144 1942 accusatorum
1184 1901 1355 1941 alterius
1397 1900 1656 1950 crudelitate,

69 1971 242 2013 alterius
263 1969 512 2022 indignitate
544 1967 782 2008 conturber.
844 1966 1063 2007 Crudelem
1095 1966 1322 2013 Castorem,
1347 1979 1398 2004 ne
1421 1965 1553 2004 dicam
1574 1979 1661 2004 sce-

70 2037 247 2077 leratum
268 2040 311 2075 et
332 2034 513 2088 impium,
538 2032 607 2086 qui
628 2046 757 2086 nepos
779 2046 901 2072 avum
923 2031 964 2070 in
986 2031 1136 2085 capitis
1170 2030 1390 2070 discrimen
1423 2029 1659 2078 adduxerit,

70 2099 457 2153 adolescentia—eque
489 2112 589 2138 suae
621 2102 824 2137 terrorem
855 2095 1041 2136 intulerit
1062 2095 1099 2135 ei
1121 2096 1241 2149 cujus
1269 2098 1533 2135 senectutem
1552 2095 1662 2134 tueri

72 2171 116 2206 et
137 2170 280 2219 tegere
315 2163 509 2211 debebat,
540 2161 1023 2214 commendationemque
1058 2159 1241 2200 ineunt-is
1273 2159 1425 2200 aetatis
1445 2159 1498 2199 ab
1521 2158 1660 2213 impie-

72 2233 163 2270 tate
196 2233 239 2269 et
268 2228 421 2268 scelere
448 2225 638 2273 duxerit;
672 2225 736 2265 avi
758 2239 923 2266 servum
953 2228 1196 2278 corruptum
1224 2223 1419 2279 praemiis
1454 2223 1507 2263 ad
1538 2237 1662 2263 accu-

73 2294 249 2335 sandum
285 2291 497 2332 dominum
523 2290 745 2344 impulerit,
783 2290 865 2343 [et]
899 2304 924 2329 a
955 2289 1188 2344 legatorum
1218 2289 1392 2344 pedibus
1424 2288 1662 2328 abduxerit.

121 2407 149 2436 1.
173 2405 265 2434 initio
284 2427 291 2433 .
310 2426 317 2433 .
335 2425 342 2433 .
361 2403 563 2442 commoveri]
612 2403 742 2432 Abrami
758 2413 844 2433 com·
889 2402 1061 2432 connected
1076 2401 1151 2431 with
1169 2404 1176 2417 ⁴
1191 2401 1244 2440 qui
1260 2399 1446 2435 adduxerit,'
1458 2403 1515 2430 &c.
1561 2401 1569 2417 ¹
1582 2400 1662 2430 Cru-

74 2457 166 2487 pares
185 2457 203 2476 a
225 2456 354 2486 passage
377 2446 408 2475 in
432 2446 487 2475 the
509 2446 568 2474 Pro
586 2445 742 2479 Cluentio,
760 2456 786 2475 c.
806 2447 844 2475 18
890 2445 990 2479 delis‚'
1005 2455 1038 2474 as
1057 2445 1164 2474 Halm.
1178 2444 1333 2478 observes,
1347 2453 1509 2482 expresses
1522 2442 1662 2472 Castor‘s

78 2490 144 2530 (see
160 2490 213 2519 the
229 2493 312 2524 note,
330 2489 390 2517 and
408 2488 581 2520 Quintilian
599 2489 639 2516 xi.
658 2490 687 2522 3,
707 2492 724 2504 “
739 2489 844 2517 Etiam
890 2488 988 2517 moral
1015 2487 1165 2525 brutality
1192 2487 1253 2516 and
1279 2490 1363 2515 want
1389 2485 1425 2515 of
1451 2486 1630 2523 feeling.—‘
1644 2495 1663 2514 a

77 2543 175 2572 quum
192 2533 230 2561 ad
251 2530 423 2569 judicem.”
442 2530 526 2568 ἃς..)
573 2530 680 2559 Cicero
698 2541 758 2559 was
777 2540 845 2559 now
890 2531 1063 2568 legatorum
1080 2529 1212 2566 pedibus
1224 2529 1243 2558 τ’
1268 2529 1363 2566 being
1378 2539 1396 2557 a
1411 2528 1493 2557 slave
1514 2528 1553 2557 he
1571 2528 1597 2556 is
1613 2537 1661 2556 re-

78 2576 109 2605 in
141 2575 189 2604 his
220 2573 433 2612 sixty-second
464 2577 600 2612 §eain—¹
616 2574 645 2601 in
673 2576 727 2602 tuo
753 2573 844 2602 dum·
889 2573 1053 2611 presented
1072 2582 1105 2601 as
1121 2576 1153 2601 at
1169 2572 1223 2600 the
1242 2571 1304 2600 feet
1320 2571 1355 2600 of
1374 2571 1428 2599 the
1445 2569 1661 2600 ambassadors

79 2622 165 2647 taxat
180 2617 318 2656 periculo
331 2616 349 2645 :’
374 2616 413 2644 hc
430 2626 537 2644 means
553 2616 621 2644 that
638 2615 725 2644 there
746 2616 771 2644 is
789 2626 844 2644 no·
892 2614 1152 2654 (Manutius).—‘
1168 2624 1202 2643 os
1217 2613 1236 2643 :’
1271 2614 1319 2642 liis
1344 2613 1419 2648 face,
1448 2614 1517 2642 that
1546 2613 1582 2648 is,
1613 2611 1661 2640 his

77 2661 168 2698 thing
184 2658 409 2688 unreasonable
433 2659 463 2687 in
487 2668 504 2686 a
528 2658 601 2695 king
625 2658 717 2696 being
733 2661 789 2696 put
806 2668 846 2687 on
890 2657 1194 2696 iinpudeuce.——‘(le
1238 2656 1372 2686 fortunis
1410 2653 1660 2685 communibus?

79 2704 127 2732 his
152 2703 278 2732 defeuce
307 2702 340 2730 in
369 2712 387 2730 a
414 2704 527 2729 matter
550 2700 650 2729 which
676 2702 787 2729 relates
814 2704 847 2729 to
891 2701 946 2729 the
970 2701 1087 2739 danger
1111 2702 1143 2728 to
1166 2709 1258 2737 every
1279 2709 1362 2734 man,
1380 2698 1405 2727 if
1426 2698 1525 2727 slaves
1549 2697 1661 2725 should

81 2744 223 2776 Caesar's
240 2744 302 2773 life.
895 2743 968 2772 dare
998 2746 1032 2772 to
1066 2752 1175 2771 accuse
1207 2741 1287 2771 their
1319 2742 1516 2770 masters.—‘
1528 2749 1567 2768 ne
1600 2742 1662 2767 tor-

127 2788 292 2818 Grudelem
313 2785 489 2823 Castorem]
540 2784 700 2814 ‘Crudelis
715 2783 848 2820 Cast0r‚’
894 2785 1010 2814 mentis
1042 2783 1200 2823 quidemz’
1234 2793 1286 2813 see
1317 2784 1377 2812 Pro
1408 2782 1539 2817 Milone,
1567 2790 1593 2810 c.
1621 2782 1659 2811 21

81 2831 119 2860 B.
130 2831 167 2860 E.
181 2829 283 2860 Schol.
329 2828 398 2857 The
413 2827 586 2857 accusative
604 2827 629 2855 is
641 2837 681 2855 an
697 2828 850 2856 exclama·
894 2828 955 2857 and
972 2829 1078 2857 22-ί
1089 2827 1196 2856 eculeo
1208 2826 1227 2856 :'
1253 2836 1305 2856 see
1319 2825 1374 2855 the
1391 2824 1502 2853 Index.

80 2874 160 2910 tion,
185 2883 218 2902 as
247 2871 353 2901 Halm.
381 2870 538 2905 rernarl<s3
569 2869 629 2898 and
657 2870 681 2898 it
702 2873 786 2898 must
811 2869 851 2898 be
