1816 3211
706 174 838 217 OAP.
872 174 996 215 2-4.
1572 174 1655 214 429

63 290 150 339 bas,
173 288 207 330 si
239 292 406 330 tantum
432 288 586 330 auxilia
619 288 833 344 Pompeio,
856 288 920 330 vel
949 287 985 328 si
1015 287 1143 330 etiam
1174 286 1306 328 filium
1339 286 1536 335 misisset,
1571 286 1659 340 ipse

65 356 221 397 aetatis
243 355 517 397 excusatione
538 370 639 396 usus
660 359 784 396 esset.
847 353 917 395 Ita
937 368 1064 409 quum
1084 352 1277 394 maximis
1299 367 1395 393 eum
1415 352 1541 392 rebus
1561 351 1660 391 libe-

65 436 193 471 rares,
217 435 466 475 perparvam
486 420 696 461 amicitiae
723 419 886 474 culpam
912 418 1188 474 relinquebas.
1251 418 1403 472 Itaque
1424 432 1507 457 non
1527 416 1662 457 solum

69 485 110 525 111
144 500 239 526 eum
275 500 359 526 non
393 485 737 535 animadvertisti,
775 485 849 525 sed
885 483 997 524 omni
1031 488 1146 524 metu
1178 482 1418 533 liberavisti,
1454 481 1664 536 hospitem

70 550 289 605 agnovisti,
326 565 468 606 regem
501 549 720 605 reliquisti.
784 549 930 604 Neque
961 549 1070 590 enim
1103 549 1169 589 ille
1198 549 1292 589 odio
1319 548 1383 589 tui
1403 560 1662 602 progressus,

71 616 144 657 sed
165 630 305 656 errore
334 614 541 656 communi
571 615 711 669 lapsus
736 620 813 656 est.
877 614 920 655 Is
941 629 1026 664 rex,
1051 629 1174 669 quem
1202 619 1373 655 senatus
1399 614 1478 654 hoc
1501 611 1666 653 nomine

72 695 197 735 saepe
232 680 665 720 honorificentissimis
702 679 882 720 decretis
911 680 1216 735 appellavisset,
1241 680 1392 735 quique
1423 679 1538 719 illum
1559 676 1668 717 ordi-

72 761 168 787 nem
189 746 242 786 ab
264 745 546 786 adolescentia
566 744 856 799 gravissimum
878 745 1274 799 sanctissimumque
1296 744 1498 793 duxisset,
1523 742 1669 782 iisdem

72 812 198 852 rebus
219 815 284 851 est
305 811 589 865 perturbatus,
613 809 737 850 homo
765 809 1015 865 longinquus
1035 816 1078 850 et
1099 810 1339 864 alienigena,
1363 809 1513 864 quibus
1534 822 1608 848 nos
1629 806 1671 846 in

76 875 213 916 media
233 890 278 915 re
299 875 464 930 publica
485 874 574 915 nati
596 889 843 930 semperque
864 875 1032 917 versati.
1097 875 1178 915 IV.
1205 876 1342 927 Quum
1364 873 1529 914 audiret
1553 885 1671 912 sena-

78 946 148 982 tus
171 939 473 981 consentientis
495 940 752 981 auctoritate
773 955 888 981 arma
915 945 1083 995 sumpta
1107 940 1256 995 [esse],
1281 939 1531 988 consulibus,
1555 951 1673 992 prae-

77 1005 254 1055 toribus,
278 1004 459 1045 tribunis
487 1004 632 1060 plebis,
667 1005 788 1046 nobis
818 1005 1140 1061 imperatoribus
1172 1020 1261 1046 rem
1291 1004 1500 1060 publicam
1534 1002 1674 1043 defen-

80 1071 259 1111 dendam
280 1070 747 1119 datam—movebatur
767 1070 917 1119 animo,
942 1076 986 1112 et
1007 1071 1069 1112 vir
1089 1070 1185 1112 huic
1207 1070 1378 1126 imperio
1399 1068 1677 1110 amicissimus

81 1135 133 1177 de
153 1135 288 1177 salute
309 1135 450 1190 populi
472 1134 650 1176 Romani
679 1136 998 1186 extimescebat,
1022 1136 1064 1176 in
1086 1151 1167 1192 qua
1188 1136 1315 1177 etiam
1336 1150 1453 1176 suam
1476 1135 1678 1175 inclusam

86 1200 219 1253 [esse]
243 1200 425 1241 videbat.
489 1199 540 1240 In
564 1214 726 1240 summo
752 1205 893 1242 tamen
923 1201 1075 1242 timore
1106 1201 1403 1256 quiescendum
1437 1198 1556 1255 [sibi]
1588 1211 1680 1239 esse

83 1265 382 1306 arbitrabatur.
445 1264 634 1306 Maxime
655 1280 750 1306 vero
772 1267 1045 1320 perturbatus
1066 1271 1143 1316 est,
1168 1272 1215 1307 ut
1236 1266 1396 1307 audivit
1418 1264 1608 1306 consules
1629 1276 1682 1303 ex

87 1329 213 1371 Italia
247 1329 480 1385 profugisse
513 1344 737 1385 omnesque
778 1330 1024 1381 consulares,
1068 1331 1128 1372 sic
1168 1331 1276 1372 enim
1318 1331 1355 1371 ei
1395 1329 1679 1376 nuntiabatur,

89 1398 290 1436 cunctum
319 1399 525 1444 senatum,
548 1399 685 1436 totam
709 1394 875 1436 Italiam
897 1410 987 1436 esse
1008 1395 1194 1436 effusam.
1257 1396 1427 1436 Talibus
1448 1395 1559 1435 enim
1579 1407 1682 1433 nun-

91 1460 163 1503 tiis
185 1465 228 1501 et
248 1460 483 1501 rumoribus
499 1460 673 1515 patebat
688 1461 742 1501 ad
765 1461 981 1502 Orientem
1003 1461 1078 1512 via,
1102 1477 1178 1503 nec
1192 1462 1262 1502 ulli
1284 1462 1367 1503 veri
1388 1459 1565 1517 [nuntii]
1589 1460 1684 1501 sub-

90 1525 387 1581 sequebantur.
449 1525 563 1566 Nihil
584 1524 651 1566 ille
673 1526 724 1566 de
747 1526 1055 1567 conditionibus
1087 1527 1183 1577 tuis,
1216 1528 1318 1568 nihil
1343 1528 1393 1569 (le
1415 1525 1555 1568 studio
1589 1539 1686 1566 con-

90 1590 256 1632 cordiae
278 1595 321 1631 et
341 1590 470 1645 pacis,
493 1590 594 1630 nihil
615 1590 666 1631 de
688 1590 993 1645 conspiratione
1022 1592 1222 1633 audiebat
1243 1599 1451 1633 certorum
1472 1591 1688 1632 hominum

92 1660 239 1698 contra
272 1655 521 1711 dignitatem
555 1660 686 1696 tuam.
750 1655 867 1707 Quae
900 1671 1027 1711 quum
1056 1657 1116 1698 ita
1147 1662 1298 1707 essent,
1323 1663 1465 1699 tamen
1487 1671 1617 1711 usque
1639 1670 1688 1696 eo

94 1735 140 1762 se
161 1719 309 1770 tenuit,
334 1720 472 1775 quoad
492 1734 517 1760 a
539 1720 615 1761 On.
640 1720 842 1776 Pompeio
862 1721 915 1761 ad
937 1736 1032 1762 eum
1053 1721 1181 1777 legati
1203 1722 1451 1777 litteraeque
1472 1725 1688 1763 venerunt.

96 1786 286 1841 Ignosce,
329 1785 511 1841 ignosce,
556 1785 723 1836 Caesar,
761 1786 796 1827 si
831 1787 922 1841 ejus
962 1786 1036 1827 viri
1076 1787 1322 1829 auctoritati
1355 1803 1430 1829 rex
1462 1787 1692 1827 Deiotarus

95 1850 235 1901 cessit,
269 1865 392 1906 quem
426 1865 504 1892 nos
539 1865 684 1892 omnes
718 1851 852 1893 secuti
885 1866 1042 1903 sumus,
1080 1853 1122 1893 in
1155 1868 1278 1909 quem
1311 1867 1439 1909 quum
1474 1851 1531 1893 dii
1563 1856 1692 1906 atque

145 1965 262 1994 aetatis
279 1964 499 2004 excusatione]
549 1965 699 1995 Plutarch
716 1964 873 2006 (Crassus,

43 2010 46 2013 '
103 2017 130 2037 0.
158 2006 209 2046 17)
235 2006 390 2037 describes
414 2007 583 2038 Deiotarus
606 2019 640 2039 as
663 2018 703 2038 an
728 2009 779 2039 old
801 2020 874 2040 man

103 2050 135 2079 in
162 2059 226 2079 1³.c.
249 2051 300 2085 54,
320 2050 411 2079 when
438 2050 486 2080 M.
508 2051 639 2081 Crassus
664 2061 725 2082 saw
749 2052 814 2082 him
841 2053 874 2082 in

103 2092 228 2123 Galatia
257 2102 298 2122 on
328 2092 377 2122 his
406 2093 482 2122 road
511 2096 544 2123 to
581 2094 629 2124 his
666 2095 814 2133 province
843 2095 879 2125 of

106 2135 260 2175 Syria.—‘
272 2135 416 2165 maximis
446 2146 519 2165 eum
549 2136 673 2167 rebus:'
711 2140 794 2177 ‘you
823 2148 874 2168 ac-

105 2177 228 2218 quitted
243 2177 308 2207 him
322 2177 357 2207 of
369 2177 424 2207 the
439 2179 523 2208 main
539 2180 661 2218 ground
677 2180 711 2210 of
723 2181 842 2212 offence
854 2180 875 2218 ;'

104 2221 154 2251 his
170 2220 301 2259 sending
316 2220 366 2250 aid
381 2223 414 2250 to
431 2221 490 2251 Cn.
507 2222 686 2261 Pompeius.

152 2264 183 2293 4.
205 2266 334 2293 senatus
350 2285 357 2292 .
375 2286 384 2295 .
401 2286 409 2294 .
425 2265 634 2305 auctoritate]
677 2265 792 2296 Caesar
808 2276 878 2305 says

110 2306 163 2346 (B.
191 2305 227 2336 C.
252 2305 272 2335 i.
301 2306 356 2345 5):
393 2306 600 2337 “decurritur
635 2308 675 2338 ad
712 2309 787 2339 illud
825 2319 878 2339 ex-

109 2353 245 2380 tremum
268 2352 363 2388 atquc
388 2349 535 2379 ultimum
563 2350 683 2381 SCtum
705 2373 713 2381 .
740 2374 747 2381 .
773 2374 780 2381 .
805 2351 880 2382 dent

111 2401 238 2431 operam
255 2391 408 2427 consules,
425 2396 593 2431 praetores,
610 2394 729 2424 tribuni
751 2395 792 2434 pl.
810 2395 878 2434 qui-

111 2445 174 2475 que
192 2444 248 2473 pro
264 2434 445 2465 consulibus
466 2435 529 2465 sint
548 2436 587 2466 ad
604 2436 726 2473 urbem,
743 2447 783 2467 110
805 2437 881 2477 quid

111 2487 161 2508 res
185 2477 310 2517 publica
332 2477 512 2508 detrimenti
531 2478 665 2518 capiat.''
712 2480 831 2516 Cicero,
848 2480 880 2510 in

113 2531 132 2551 a
151 2520 244 2550 letter
264 2523 297 2550 to
320 2519 394 2549 Tiro
416 2519 491 2560 (xvi.
513 2521 577 2561 ll),
602 2531 671 2561 says
694 2522 748 2553 the
771 2533 880 2554 same:

115 2563 358 2602 “Posteaquam
389 2566 516 2593 senatus
543 2564 733 2601 consulibus,
757 2569 881 2605 praeto-

114 2605 200 2636 ribus
223 2606 358 2635 tribunis
382 2606 424 2645 pl.
442 2610 474 2636 et
494 2606 584 2636 nobis
604 2608 657 2646 qui
680 2609 883 2647 proconsules

115 2659 223 2680 sumus
248 2649 409 2687 negotium
434 2649 562 2679 dederat
583 2654 618 2679 ut
640 2661 820 2680 curaremus
844 2662 884 2681 ne

116 2692 192 2731 quid
216 2702 264 2721 res
288 2691 414 2730 publica
440 2692 619 2722 detrimenti
643 2694 802 2732 caperet.''
826 2698 882 2725 &a

120 2735 205 2766 licre
228 2735 260 2764 111
284 2734 371 2774 place
394 2735 430 2764 of
449 2739 455 2751 ¹
471 2745 527 2774 pro
543 2736 739 2766 consulibus'
757 2737 796 2767 hc
815 2748 884 2777 says

118 2777 230 2807 ‘nobis
254 2777 518 2816 iinperat01·ib11s,'
536 2778 582 2807 for
605 2779 714 2808 Cicero
740 2789 802 2810 was
829 2781 886 2810 ‘ad

118 2820 248 2850 urbem’
275 2821 442 2859 cxpeetiug
468 2831 486 2850 11
510 2821 650 2860 triumph
677 2821 723 2850 for
752 2822 800 2852 his
824 2823 887 2852 vie-

118 2863 212 2893 tories
228 2873 301 2893 over
313 2863 366 2893 the
382 2864 613 2893 mountaineers
623 2864 659 2893 of
671 2864 724 2894 the
735 2864 887 2896 Ammius.

119 2906 188 2936 The
204 2911 312 2937 senate
335 2906 395 2936 had
414 2907 538 2936 refused
555 2910 588 2937 to
607 2907 697 2937 listeu
715 2910 747 2938 to
764 2908 817 2938 the
835 2909 887 2939 lu-

918 1966 1066 1997 tex-cessio
1090 1967 1125 1997 of
1145 1967 1200 1998 the
1223 1967 1365 1998 tribunes
1381 1967 1429 1997 M.
1447 1966 1606 1998 Antonius
1631 1963 1694 1994 aud

920 2010 961 2043 Q.
979 2010 1106 2040 Cassius
1124 2009 1177 2050 (B.
1195 2011 1231 2041 C.
1249 2011 1269 2040 i.
1287 2013 1306 2041 2
1322 2011 1384 2040 and
1400 2012 1447 2043 5).

962 2053 1120 2093 eonsules]
1174 2053 1210 2084 C.
1243 2054 1393 2084 Claudius
1425 2053 1596 2083 Marcellus
1631 2050 1694 2080 and

920 2096 958 2126 L.
992 2095 1157 2126 Cornelius
1196 2097 1416 2127 Lentulus.—‘
1431 2106 1540 2126 omnes
1579 2104 1693 2125 eonsu-

918 2139 999 2168 larcs
1012 2138 1030 2168 :'
1055 2149 1089 2169 so
1105 2139 1145 2169 he
1161 2139 1267 2177 heard,
1285 2151 1354 2180 says
1372 2140 1492 2176 Cicero,
1510 2139 1568 2169 but
1590 2139 1615 2168 it
1631 2147 1693 2167 was

918 2185 975 2211 not
991 2186 1069 2211 true.
1117 2182 1175 2212 See
1191 2183 1270 2213 Phil.
1288 2184 1319 2213 ii.
1337 2194 1363 2213 c.
1381 2186 1432 2214 22.

963 2234 1020 2254 nec
1031 2225 1089 2254 ulli
1099 2227 1166 2255 veri
1180 2226 1338 2266 [nuntii]]
1367 2227 1404 2257 B.
1421 2227 1459 2256 D.
1473 2226 1508 2256 E.
1521 2227 1582 2256 and
1597 2227 1694 2257 Halm

923 2267 1002 2297 omit
1033 2268 1180 2298 ‘nuntii.’
1240 2269 1271 2299 S.
1300 2270 1356 2299 has
1384 2270 1532 2299 ’111111111.’
1584 2271 1695 2300 ‘Nulli

923 2310 987 2340 veri
1012 2310 1134 2340 nuntii'
1160 2311 1199 2342 G.
1218 2312 1258 2342 R.
1277 2313 1311 2343 F.
1329 2313 1398 2344 Col.
1427 2313 1474 2354 (in
1499 2313 1538 2344 Ε.
1567 2315 1695 2344 ιηιιηίίὶ

924 2353 1105 2394 5011015013)
1126 2354 1231 2385 Halm.

968 2396 1006 2426 de
1022 2397 1256 2428 conditionibus
1272 2399 1352 2437 tuis]
1399 2399 1468 2429 The
1484 2402 1581 2429 terms
1595 2399 1696 2429 which

926 2438 1041 2469 caesar
1063 2440 1180 2470 offered
1208 2446 1240 2470 to
1261 2441 1315 2471 the
1339 2446 1447 2472 senate
1469 2442 1550 2472 after
1573 2443 1612 2472 he
1635 2442 1697 2472 had

925 2482 1057 2512 reached
1090 2483 1268 2513 Ariminum
1309 2484 1448 2524 (Caesar,
1480 2486 1515 2515 B.
1547 2485 1583 2516 C.
1608 2486 1627 2515 i.
1657 2489 1696 2521 Ως

926 2524 1046 2561 Cicero,
1066 2526 1116 2555 Ad
1142 2527 1213 2556 Div.
1234 2527 1295 2557 xvi.
1322 2528 1441 2567 12).—‘
1456 2532 1612 2558 certorum
1640 2528 1697 2557 ho-

926 2567 1045 2597 minum
1062 2567 1082 2598 ε’
1104 2569 1160 2599 the
1183 2569 1336 2606 Marcelli,
1363 2571 1500 2608 Lentuli,
1524 2572 1561 2601 L.
1588 2571 1697 2601 Domi-

927 2610 1001 2646 11115,
1019 2611 1053 2641 P.
1071 2611 1186 2651 Scipio,
1204 2613 1264 2642 and
1282 2613 1329 2642 M.
1348 2614 1437 2644 Cato.

972 2654 1005 2683 in
1036 2656 1142 2694 quem]
1171 2657 1227 2685 ‘ad
1253 2657 1370 2695 quem,'
1404 2657 1510 2687 lluhu.
1563 2657 1630 2686 The
1653 2656 1697 2684 :d-

928 2696 1031 2726 lusion
1048 2697 1080 2726 iu
1099 2700 1184 2727 ‘tum
1204 2699 1260 2735 tu,'
1279 2702 1347 2735 &‹·.,
1366 2710 1435 2739 may
1453 2700 1491 2729 be.
1508 2703 1540 2729 10
1557 2700 1611 2728 1111ι
1631 2703 1699 2737 part

928 2739 998 2769 that
1014 2740 1129 2770 Caesar
1151 2742 1226 2770 took
1251 2742 1282 2771 111
1309 2742 1356 2772 1115
1380 2743 1559 2781 consulship
1578 2742 1607 2770 111
1625 2752 1698 2769 wu-

931 2782 1058 2821 firming
1083 2784 1166 2813 what
1191 2785 1357 2823 Pompeius
1384 2786 1442 2815 had
1467 2785 1547 2813 done
1572 2785 1601 2812 iu
1627 2785 1701 2811 Asia

931 2825 1012 2855 after
1027 2826 1081 2856 tho
1097 2826 1190 2856 death
1207 2828 1243 2856 of
1257 2828 1456 2857 Mithridates
1475 2827 1539 2866 (sce
1554 2824 1700 2864 lutrod.),

931 2868 993 2898 and
1008 2868 1040 2898 iu
1057 2869 1163 2909 giving
1179 2870 1242 2900 him
1261 2871 1308 2900 1115
1325 2870 1477 2909 daughter
1492 2869 1587 2899 Juliu.
