1816 3211
701 201 834 244 CAP.
869 202 1051 243 13-15.
1597 207 1676 247 053

77 315 187 357 enim
208 315 272 357 vel
303 314 483 357 maxime
508 314 698 357 exaudio.
761 315 857 371 Ego
878 319 1018 357 autem
1040 320 1263 358 veteranos
1283 316 1394 358 tueri
1416 316 1566 367 debeo,
1599 320 1676 360 sed

74 380 151 422 hos
186 380 337 436 quibus
365 381 524 422 sanitas
557 384 649 422 est:
683 385 798 422 certe
827 381 976 422 timere
1007 396 1091 422 non
1122 382 1266 423 debeo.
1330 382 1419 423 Eos
1440 387 1674 432 veteranos,

74 446 142 501 qui
165 461 239 501 pro
261 461 305 486 re
326 446 491 501 publica
511 461 628 487 arma
649 451 850 501 ceperunt
880 446 1096 502 secutique
1127 452 1228 489 sunt
1251 446 1297 488 C.
1324 446 1558 495 Caesarem,
1580 463 1676 490 auc-

74 511 248 552 toritate
281 510 578 552 beneficiorum
610 517 893 566 paternorum,
931 511 1139 566 hodieque
1175 526 1265 552 rem
1295 513 1504 568 publicam
1533 514 1678 555 defen-

75 577 181 617 dunt-
213 591 306 616 cum
341 591 493 631 magno
529 576 724 631 periculo,
753 591 838 617 non
872 577 982 618 tueri
1014 577 1159 628 solum,
1192 578 1263 618 sed
1289 577 1416 619 etiam
1447 580 1676 620 commodis

73 655 227 696 augere
249 641 394 681 debeo.
458 640 538 691 Qui
560 649 702 682 autem
724 642 955 696 quiescunt,
974 647 1023 683 ut
1039 642 1231 697 septima,
1250 647 1297 684 ut
1320 648 1468 684 octava
1488 643 1609 699 legio,
1633 644 1676 684 in

72 719 226 760 magna
255 705 388 760 gloria
409 710 452 746 et
479 705 600 746 laude
631 707 849 761 ponendos
874 712 989 761 puto.
1051 707 1236 749 Comites
1257 722 1353 748 vero
1376 708 1566 759 Antonii,
1591 709 1673 764 qui,

71 775 298 825 postquam
343 769 546 811 beneficia
593 771 786 811 Caesaris
821 772 1106 821 comederunt,
1150 773 1362 813 consulem
1408 773 1676 827 designatum

73 835 279 881 obsident,
314 835 409 876 huie
442 835 535 875 urbi
569 835 680 876 ferro
714 836 882 891 ignique
917 836 1177 885 minitantur,
1214 837 1350 878 Saxae
1381 852 1426 878 se
1456 843 1500 879 et
1529 838 1675 879 Cafoni

72 901 337 942 tradiderunt
357 900 412 941 ad
432 899 592 941 facinus
619 901 898 956 praedamque
928 901 1052 951 natis,
1084 916 1185 942 num
1205 902 1297 957 quis
1318 907 1383 944 est
1405 903 1473 957 qui
1495 904 1675 944 tuendos

72 966 224 1021 putet?
284 966 401 1021 Ergo
422 970 497 1007 aut
517 965 614 1006 boni
635 970 734 1007 sunt
756 980 860 1021 quos
882 965 1010 1007 etiam
1026 981 1187 1017 ornare,
1206 972 1279 1008 aut
1301 967 1430 1022 quieti
1453 982 1556 1022 quos
1577 983 1676 1009 con-

72 1046 238 1072 servare
274 1031 487 1081 debemus,
517 1035 592 1072 aut
625 1031 739 1086 impii
771 1046 948 1086 quorum
980 1037 1130 1073 contra
1161 1032 1344 1073 furorem
1377 1038 1421 1074 et
1449 1033 1602 1074 bellum
1632 1039 1676 1075 et

67 1096 185 1151 justa
206 1111 322 1137 arma
344 1096 540 1151 cepimus.
602 1095 710 1137 XV.
745 1097 933 1150 Quorum
967 1097 1098 1153 igitur
1127 1102 1420 1139 veteranorum
1440 1098 1602 1139 animos
1622 1114 1675 1140 ne

75 1161 330 1202 offendamus
351 1162 568 1202 veremur?
628 1161 841 1202 Eorumne
872 1162 940 1217 qui
963 1162 1018 1203 D.
1041 1162 1222 1203 Brutum
1254 1163 1468 1204 obsidione
1500 1163 1676 1219 eupiunt

74 1226 280 1267 liberare?
322 1226 472 1281 quibus
511 1241 638 1281 quum
680 1226 804 1267 Bruti
836 1226 949 1267 salus
985 1241 1082 1268 cara
1116 1227 1183 1277 sit,
1220 1228 1289 1282 qui
1325 1233 1504 1283 possunt
1540 1228 1673 1270 Cassii

73 1306 225 1332 nomen
248 1291 409 1332 odisse?
469 1291 540 1331 An
562 1305 704 1331 eorum
726 1291 795 1345 qui
817 1291 1005 1346 utrisque
1035 1292 1162 1332 armis
1182 1294 1360 1334 vacant?
1411 1292 1508 1333 Non
1529 1308 1675 1335 vereor

74 1372 126 1398 ne
147 1357 323 1397 acerbus
346 1355 446 1397 civis
468 1355 688 1411 quisquam
709 1355 883 1397 istorum
905 1356 972 1406 sit,
996 1357 1065 1412 qui
1087 1357 1175 1398 otio
1197 1357 1472 1399 delectantur.
1529 1358 1673 1400 Tertio

73 1436 171 1462 vero
193 1420 337 1476 generi
358 1435 441 1461 non
468 1420 644 1461 militum
667 1425 968 1471 veteranorum,
1002 1422 1076 1462 sed
1098 1421 1549 1478 importunissimorum
1580 1424 1673 1465 hos-

74 1487 191 1537 tium,
235 1485 355 1540 cupio
396 1500 520 1541 quam
566 1485 879 1526 acerbissimum
919 1486 1104 1527 dolorem
1144 1487 1322 1528 inurere.
1399 1489 1670 1544 Quamquam,

73 1557 216 1607 patres
249 1550 485 1606 conscripti,
515 1565 729 1606 quousque
761 1551 948 1592 dicemus
982 1551 1217 1593 sententias
1243 1558 1533 1594 veteranorum
1565 1555 1673 1595 arbi-

117 1643 188 1681 Eyo
201 1644 306 1671 autem
322 1640 503 1679 veteranos]
538 1640 677 1670 Faernus
693 1651 763 1681 says
779 1640 850 1671 that

893 1641 994 1671 Orelli
1019 1651 1090 1671 cum
1101 1642 1223 1681 aliquot
1236 1642 1326 1672 codd.
1346 1643 1478 1674 Ferrarii
1491 1643 1511 1656 ’'
1530 1644 1672 1684 (Halm),

73 1685 113 1715 he
130 1685 190 1714 had
206 1695 224 1714 a
241 1684 336 1714 Liber
357 1684 492 1722 scriptus
519 1684 550 1713 in
568 1684 669 1713 which
691 1686 698 1700 ‘
712 1694 785 1713 vero
798 1683 805 1697 '
823 1684 849 1714 is

892 1685 963 1714 who
980 1685 1036 1715 has
1054 1688 1061 1702 ‘
1076 1684 1234 1724 septima,’
1261 1686 1323 1715 and
1348 1687 1444 1717 refers
1461 1691 1493 1717 to
1512 1688 1592 1718 Phil.
1608 1689 1671 1718 xiv.

72 1728 144 1758 read
163 1728 194 1757 in
212 1727 299 1766 place
314 1727 351 1756 of
364 1729 371 1743 ‘
385 1730 491 1756 autem
507 1726 526 1762 ;'
549 1726 610 1756 and
635 1727 709 1763 this,
736 1727 777 1756 he
801 1737 850 1757 re-

72 1771 188 1806 marks,
205 1771 231 1800 is
247 1780 335 1800 more
351 1770 524 1800 consistent
539 1770 615 1799 with
635 1770 689 1799 the
706 1780 802 1809 usage
818 1770 854 1800 of

71 1824 112 1843 an
142 1813 326 1844 affirmative
360 1813 526 1849 assertion,
556 1813 649 1842 while
678 1813 733 1843 the
763 1813 849 1843 word

71 1858 80 1873 ‘
94 1860 202 1886 autem
216 1856 223 1869 ⁷
239 1857 265 1886 is
281 1856 387 1893 rather
409 1855 486 1886 used
511 1859 544 1885 to
570 1866 697 1895 express
721 1856 849 1896 opposi-

73 1900 151 1929 tion.
197 1899 275 1929 This
298 1899 324 1928 is
340 1903 430 1935 true;
455 1898 513 1928 but
536 1899 562 1928 it
585 1908 687 1929 seems
704 1899 773 1929 that
796 1899 851 1929 the

74 1943 157 1972 word
175 1944 182 1959 ‘
196 1945 301 1972 autem
314 1941 321 1955 ’
338 1951 500 1981 expresses
524 1942 723 1981 opposition:
751 1942 851 1972 ‘Vide

75 2008 82 2015 .
102 2008 108 2014 .
128 2008 134 2015 .
152 1995 192 2014 ne
207 1988 370 2014 veteranos
387 1984 549 2020 offendas,’
572 1988 606 2014 to
622 1985 723 2014 which
747 1995 849 2015 corre-v

74 2028 192 2068 sponds
210 2030 216 2044 ‘
232 2027 300 2066 Ego
316 2031 421 2056 autem
438 2030 603 2057 veteranos
619 2028 699 2057 tueri
716 2027 837 2057 debeo.'

117 2071 173 2101 sed
193 2072 250 2100 Izos
276 2093 309 2100 ..
328 2092 336 2099 .
363 2068 475 2108 debeo]
522 2069 592 2099 The
617 2070 764 2109 pointing
789 2070 851 2100 and

74 2114 129 2144 the
144 2113 274 2152 reading
289 2122 343 2142 are
364 2112 441 2142 both
467 2111 623 2141 doubtful.
673 2112 768 2142 Halm
794 2113 851 2142 has

75 2161 82 2174 ‘
95 2157 171 2194 †sed
195 2167 258 2191 eos,
285 2155 400 2195 quibus
416 2155 534 2185 sanitas
550 2159 609 2191 est,
634 2159 718 2185 certe
739 2156 851 2185 timere

74 2210 138 2230 non
156 2199 278 2230 debeo.’

118 2241 328 2281 auctoritate]

76 2286 173 2316 Halm
185 2286 240 2315 has
255 2288 262 2302 ⁴
273 2284 457 2314 auctorem!
484 2283 498 2313 Ι
513 2283 605 2312 don't
621 2293 672 2312 see
688 2283 757 2312 how
771 2283 850 2314 Cae-

75 2339 124 2359 sar
139 2329 165 2358 is
178 2328 276 2358 called
301 2330 308 2344 ⁴
322 2331 481 2357 auctorem
506 2326 729 2356 beneficiorum
747 2330 850 2365 pater-

75 2371 211 2407 norum,'
239 2371 345 2400 unless
361 2371 385 2400 it
403 2379 509 2399 means
531 2369 601 2398 that
624 2369 663 2398 hc
680 2368 851 2398 confirmed

75 2425 110 2444 or
126 2414 283 2453 promised
309 2417 341 2442 to
371 2413 502 2442 confirm
532 2412 615 2441 what
637 2412 690 2441 the
709 2412 852 2441 Dictator

74 2457 136 2487 had
163 2458 265 2495 given,
293 2455 320 2485 if
340 2456 558 2485 confirmation
584 2464 645 2484 was
676 2464 850 2493 necessary.

75 2500 140 2530 But
155 2500 209 2529 the
233 2503 340 2528 senate
356 2498 417 2527 and
437 2498 552 2527 Brutus
569 2498 628 2527 and
647 2497 774 2527 Cassius
791 2497 851 2526 had

74 2541 232 2582 promised
258 2541 320 2571 this
346 2540 484 2580 (lntrod.
505 2551 535 2579 p.
559 2540 648 2579 453).
699 2540 748 2570 lle
769 2550 850 2579 says,

78 2585 155 2615 Phil.
174 2585 234 2614 xiv.
252 2594 278 2613 c.
300 2585 356 2613 10:
382 2583 565 2612 “militibus
586 2583 623 2611 iis
640 2583 692 2622 qui
710 2582 851 2613 Caesaris

75 2628 228 2657 beneficia
250 2629 427 2656 servassent
446 2631 574 2655 senatus
597 2626 770 2665 populique
788 2626 850 2656 lto-

75 2671 160 2700 mani
177 2679 282 2699 carum
304 2678 419 2698 nomen
443 2668 545 2698 esse.'’
590 2668 659 2698 The
675 2668 759 2698 word
777 2672 851 2708 ‘pa-

76 2712 259 2743 ternorum'
288 2711 431 2741 however
458 2721 558 2741 seems
583 2713 615 2741 to
644 2715 776 2751 support
797 2712 852 2742 the

75 2756 206 2794 reading
223 2753 426 2784 ‘auctorem'

120 2808 191 2829 cum
208 2807 321 2836 maqno
340 2796 502 2836 periculo]
538 2796 647 2826 ‘video
670 2797 827 2836 epericulo
841 2797 849 2811 ’

75 2844 100 2878 t,
119 2845 126 2858 ⁴
141 2851 256 2879 magno
281 2840 418 2879 periculo
433 2839 440 2851 ’
459 2839 478 2869 b
494 2850 523 2878 g,
549 2841 556 2854 ‘
569 2849 640 2869 cum
665 2850 779 2879 magno
795 2850 850 2879 pe-

76 2884 175 2914 riculo
190 2884 196 2896 '
210 2894 228 2913 a
243 2883 263 2913 i.
295 2883 391 2912 Halm
408 2882 463 2912 has
481 2886 488 2898 ⁴
501 2883 582 2912 vitae
598 2892 672 2912 suae
687 2883 848 2922 periculo!

119 2926 271 2967 septima]
313 2925 395 2955 “vii.
422 2925 570 2966 (septima
596 2924 622 2966 i)
656 2925 685 2955 D
710 2926 730 2956 i.
757 2929 850 2957 sexta

366 2244 373 2257 ¹
387 2244 546 2271 auctorem
559 2239 566 2252 '
584 2243 606 2275 t,
625 2242 632 2256 ⁴
643 2244 771 2270 auctore
785 2239 792 2253 '
818 2240 850 2270 b.

893 1737 921 1757 c.
942 1729 991 1758 10.

937 1771 1089 1809 beneficia
1129 1793 1137 1800 .
1182 1794 1189 1801 .
1227 1793 1234 1801 .
1276 1772 1498 1812 comederunt]
1568 1774 1673 1804 These

892 1823 973 1843 were
989 1813 1044 1843 the
1061 1823 1132 1843 men
1151 1814 1221 1844 who
1237 1814 1297 1844 had
1322 1816 1439 1845 wasted
1457 1816 1540 1846 what
1557 1817 1673 1847 Caesar

893 1856 955 1886 had
986 1857 1077 1895 given
1112 1857 1211 1893 them,
1243 1867 1276 1887 as
1309 1858 1423 1888 Sulla’s
1457 1859 1508 1888 old
1540 1860 1672 1890 soldicrs

893 1899 956 1929 had
979 1900 1061 1929 done
1089 1899 1207 1930 before.
1254 1900 1344 1940 They
1377 1911 1430 1931 are
1463 1903 1603 1942 opposed
1638 1908 1672 1933 to

893 1943 985 1972 those
1005 1943 1078 1982 ‘qui
1091 1943 1234 1973 Caesaris
1255 1943 1407 1974 beneficia
1429 1945 1670 1976 conservarant’

893 1986 991 2024 (Phil.
1006 1986 1066 2015 xiv.
1084 1996 1110 2016 c.
1131 1986 1194 2022 lo).
1233 1986 1389 2027 Compare
1408 1988 1487 2018 Phil.
1505 1989 1567 2018 xiii.
1585 1999 1610 2019 c.
1630 1992 1670 2019 2:

894 2031 913 2045 ‘⁴
928 2028 1088 2058 beneficiis
1105 2028 1245 2059 Caesaris
1261 2030 1416 2061 devoratis
1432 2030 1575 2062 fortunas
1598 2042 1672 2063 nos-

893 2073 958 2101 tras
974 2071 1258 2110 concupiverunt.'’

927 2113 1025 2151 ferro
1073 2115 1217 2154 ignique]
1291 2118 1297 2130 ¹
1312 2114 1429 2145 ferrum
1476 2116 1670 2156 ignemque,'

894 2155 1070 2185 Lambinus
1087 2157 1165 2186 frum
1183 2157 1237 2186 the
1253 2158 1435 2195 conjecture
1451 2158 1486 2187 of
1500 2159 1670 2195 Ferrarius,

895 2198 964 2227 who
980 2208 1050 2238 says
1067 2199 1136 2229 that
1152 2209 1247 2238 usage
1270 2200 1408 2239 requires
1424 2201 1478 2231 the
1494 2203 1671 2232 accusativo

895 2242 984 2270 “nisi
1011 2241 1090 2271 forte
1106 2241 1145 2271 de
1161 2252 1198 2271 eo
1222 2243 1432 2282 loqueremur,
1458 2245 1511 2283 qui
1533 2245 1671 2282 gladium

893 2283 996 2322 ignem
1015 2284 1130 2323 quidve
1153 2285 1308 2323 ejusmodi
1325 2290 1446 2321 tenens,
1464 2287 1495 2316 id
1511 2288 1603 2317 alicui
1621 2289 1670 2318 in-

894 2330 1031 2356 tentaret
1045 2339 1052 2363 ;
1068 2331 1136 2356 tum
1151 2328 1233 2358 enim
1252 2333 1336 2358 recte
1349 2339 1405 2367 per
1420 2335 1544 2360 sextum
1562 2341 1669 2361 casum

894 2369 1085 2406 efferremus,
1123 2374 1159 2400 ut
1191 2371 1268 2400 illud
1304 2372 1454 2408 Sallustii,
1487 2374 1670 2412 Egredienti

894 2422 931 2441 ex
958 2417 1068 2442 senatu
1091 2413 1217 2443 Caesari
1244 2414 1346 2453 gladio
1372 2416 1612 2446 minitarentur:
1638 2422 1671 2448 et

894 2455 971 2484 illud
997 2456 1142 2491 alterum,
1175 2457 1217 2486 Et
1243 2457 1354 2488 minari
1384 2459 1542 2489 interdum
1576 2460 1669 2495 ferro,

895 2498 953 2527 nisi
984 2498 1120 2528 obnoxia
1150 2500 1240 2530 foret.
1291 2501 1360 2531 Hoc
1397 2507 1502 2533 autem
1537 2502 1576 2532 ab
1616 2504 1670 2534 illo

895 2541 1029 2571 maxime
1045 2541 1201 2572 diversum
1219 2543 1301 2573 est.''

938 2584 1093 2624 cepimus]
1114 2586 1152 2620 D,
1167 2586 1272 2622 Halm,
1287 2590 1294 2603 ⁴
1307 2587 1518 2627 suscepimus'
1532 2589 1541 2618 i
1558 2589 1669 2619 Orelli.

895 2627 1061 2657 “Rectum
1087 2633 1135 2658 est
1163 2631 1312 2668 cepimus.
1360 2630 1401 2660 Et
1427 2632 1470 2661 sic
1501 2641 1575 2661 sane
1602 2633 1668 2670 jum

893 2669 1059 2700 ediderunt
1080 2671 1154 2701 olim
1179 2672 1353 2708 Manutius,
1384 2674 1531 2711 Faernus,
1560 2675 1668 2704 Mure-

893 2715 944 2743 tus
961 2717 993 2743 et
1011 2714 1184 2745 Lambinus
1198 2714 1216 2727 ’'
1236 2715 1431 2756 (Graevius).

941 2757 988 2786 15.
1014 2758 1068 2796 qui
1093 2760 1238 2797 utrisque
1261 2760 1361 2788 armis
1385 2758 1516 2797 vacant]
1562 2759 1668 2789 Those

894 2799 963 2829 who
988 2799 1048 2829 had
1072 2800 1180 2839 joined
1205 2802 1328 2831 neither
1355 2802 1402 2832 M.
1425 2802 1583 2831 Antonius
1609 2812 1668 2832 nor

893 2842 948 2872 the
963 2843 1131 2872 senatorial
1148 2843 1279 2873 side—⁴
1293 2844 1465 2881 deligamus
1477 2844 1497 2873 ;’
1518 2854 1537 2881 g
1554 2845 1572 2877 i,
1598 2848 1604 2859 ¹
1618 2844 1666 2874 di-

894 2885 1027 2923 ligamus
1041 2885 1048 2898 ’
1066 2896 1084 2915 a
1100 2886 1119 2915 b
1136 2889 1149 2915 t
1169 2887 1275 2916 Halm.
1320 2887 1389 2917 The
1414 2887 1508 2917 MSS.
1526 2886 1667 2926 disagrce

894 2928 1086 2969 contiuually
1103 2929 1135 2959 in
1151 2929 1215 2960 this
1230 2929 1325 2959 word.
