1816 3211
185 195 268 236 466
363 192 541 235 ORAT.
575 188 1087 233 PHILIPPIOARUM
1126 187 1311 228 LIBER
1343 187 1598 229 PRIMUS.

182 323 348 364 possem
371 307 602 354 defendere,
626 320 730 360 quae
761 303 915 359 partim
941 302 1030 357 jam
1061 306 1172 352 sunt,
1195 301 1349 357 partim
1377 300 1505 343 timeo
1533 316 1584 342 ne
1614 302 1769 358 impen-

184 376 322 415 dcant.
386 373 469 413 Sed
492 373 568 411 hoc
592 371 814 423 ignoscant
836 367 891 407 dii
912 367 1168 408 immortales
1190 366 1309 407 velim
1332 372 1375 407 et
1397 367 1547 421 populo
1567 367 1768 418 Romano,

184 440 254 494 qui
287 440 327 479 id
361 453 442 478 non
475 437 636 490 probat,
672 439 715 474 ot
756 433 850 472 huic
892 432 1024 473 ordini
1067 432 1137 486 qui
1178 431 1363 472 decrevit
1403 432 1569 473 invitus.
1648 433 1770 484 Quid,

183 506 234 545 de
271 503 438 557 reliquis
470 501 528 540 rci
556 498 743 553 publicae
774 497 894 538 malis
927 497 1076 538 licetne
1110 497 1274 538 dicere?
1337 496 1444 536 Mihi
1475 512 1570 537 vero
1602 498 1698 538 licet
1729 505 1773 538 et

183 582 345 623 semper
380 565 523 606 licebit
559 563 807 617 dignitatem
849 563 971 611 tueri,
1007 567 1185 603 mortem
1227 567 1510 602 contemnere.
1572 562 1773 604 Potestas

182 634 306 673 modo
337 629 526 672 veniendi
557 629 597 669 in
629 629 739 669 hunc
771 629 908 668 locum
940 627 1021 673 sit;
1058 627 1222 667 dicendi
1253 627 1482 681 periculum
1507 641 1589 667 non
1611 642 1772 669 recuso.

183 698 327 752 Atque
349 696 520 744 utinam,
543 698 685 749 patres
706 693 946 748 conscripti,
971 692 1175 733 Kalendis
1198 692 1428 733 Sextilibus
1448 692 1595 733 adesse
1616 692 1774 747 potuis-

183 776 283 812 sem,
307 776 390 801 non
411 775 493 815 quo
514 759 659 814 profici
685 758 869 814 pot-uerit
889 758 1055 813 aliquid,
1080 758 1153 798 sed
1185 772 1235 797 ne
1258 772 1364 797 unus
1384 757 1508 798 modo
1531 758 1772 808 consularis,

183 827 296 881 quod
317 830 406 867 tum
428 824 593 874 accidit,
617 824 769 879 dignus
791 824 860 864 illo
881 824 1050 872 honore,
1075 823 1226 877 dignus
1246 837 1291 862 re
1320 823 1487 877 publica
1507 822 1776 864 inveniretur.

185 892 278 943 Qua
308 891 474 946 quidem
506 905 557 931 ex
586 905 630 930 re
658 904 856 945 magnum
886 889 1048 944 accipio
1078 888 1272 938 dolorem,
1297 888 1484 928 homines
1511 887 1777 943 amplissimis

182 956 324 1011 populi
365 955 545 996 Romani
587 955 798 996 beneficiis
833 969 931 994 usos
969 953 1018 994 L.
1054 953 1253 993 Pisonem
1286 953 1435 993 ducem
1468 953 1649 1008 optimae
1685 967 1775 993 sen-

184 1021 345 1062 tentiae
381 1035 463 1061 non
500 1025 683 1060 secutos.
749 1019 966 1059 Idcircone
1002 1032 1078 1058 nos
1118 1018 1296 1072 populus
1330 1018 1546 1058 Romanus
1585 1019 1776 1059 consules

183 1086 296 1135 fecit,
334 1090 382 1126 ut
422 1085 463 1125 in
503 1085 707 1125 altissimo
749 1085 881 1139 gradu
915 1082 1133 1137 dignitatis
1167 1082 1294 1123 locati
1327 1097 1413 1123 rem
1454 1082 1660 1137 publicam
1699 1097 1775 1137 pro

183 1151 311 1191 nihilo
352 1151 625 1191 haberemus?
686 1149 782 1189 Non
817 1149 940 1188 modo
975 1162 1074 1188 voce
1107 1162 1229 1188 nemo
1268 1147 1316 1187 L.
1350 1147 1496 1187 Pisoni
1533 1148 1774 1196 consularis,

184 1216 257 1257 sed
279 1231 330 1256 ne
347 1215 459 1256 vultu
480 1214 646 1269 quidem
667 1228 864 1254 assensus
886 1218 964 1254 est.
1029 1212 1157 1264 Quae,
1177 1212 1345 1260 malum,
1361 1217 1427 1253 est
1448 1212 1530 1253 ista
1545 1212 1779 1252 voluntaria

182 1281 388 1322 servitus?
450 1280 600 1320 Fuerit
632 1279 835 1333 quaedam
866 1278 1124 1324 necessaria;
1159 1292 1292 1332 neque
1314 1292 1390 1332 ego
1412 1277 1490 1317 hoc
1511 1277 1565 1318 ab
1587 1278 1778 1318 omnibus

184 1346 235 1386 iis
256 1345 458 1393 desiderO,
483 1344 552 1399 qui
574 1344 826 1385 sententiam
851 1343 1058 1384 consulari
1080 1343 1171 1383 loco
1194 1342 1353 1383 dicunt.
1415 1342 1514 1382 Alia
1542 1356 1689 1383 caussa
1713 1347 1779 1382 est

184 1425 326 1451 eorum
348 1425 522 1465 quorum
544 1409 709 1450 silentio
731 1409 915 1464 ignosco,
938 1408 1019 1448 alia
1046 1423 1190 1448 eorum
1217 1422 1392 1462 quorum
1414 1422 1557 1448 vocem
1585 1408 1775 1462 requir02,

185 1491 289 1531 quos
311 1476 476 1531 quidem
499 1475 618 1515 doleo
640 1474 681 1515 in
703 1474 981 1528 suspicionem
1008 1473 1148 1528 populi
1180 1473 1357 1514 Romani
1379 1473 1517 1513 venire
1545 1487 1627 1513 non
1654 1472 1779 1512 modo

184 1547 335 1590 metus,
370 1541 480 1596 quod
516 1540 654 1595 ipsum
686 1546 798 1581 esset
824 1544 960 1593 turpe,
991 1539 1064 1579 sed
1098 1538 1222 1579 alium
1258 1538 1338 1579 alia
1375 1538 1425 1579 de
1456 1552 1602 1578 caussa
1635 1537 1779 1578 deesse

186 1605 383 1660 dignitati
415 1620 527 1645 suae.
591 1603 699 1644 VII.
734 1605 872 1656 Quare
900 1603 1080 1658 primum
1109 1602 1315 1643 maximas
1336 1602 1496 1657 gratias
1517 1607 1560 1643 et
1580 1602 1715 1642 habeo
1737 1606 1781 1642 et

186 1685 266 1724 ago
291 1669 383 1723 [L]
402 1669 559 1718 Pisoni,
584 1668 653 1723 qui
674 1683 757 1708 non
780 1668 877 1722 quid
898 1668 1061 1708 efficere
1082 1672 1229 1722 posset
1250 1666 1291 1707 in
1313 1681 1357 1707 re
1378 1667 1544 1721 publica
1565 1666 1779 1721 cogitavit,

187 1736 262 1776 sed
295 1735 395 1790 quid
426 1735 564 1774 facere
599 1733 687 1787 ipse
721 1733 918 1779 deberet3
953 1732 1102 1773 deinde
1135 1747 1160 1773 a
1196 1732 1326 1780 vobis,
1361 1737 1504 1787 patres
1538 1731 1780 1786 conscripti,

187 1805 285 1854 peto
303 1804 360 1848 ut,
380 1797 543 1839 etiamsi
564 1796 680 1851 sequi
702 1797 838 1836 minus
857 1796 1066 1837 audebitis
1082 1796 1313 1836 orationem
1333 1801 1462 1850 atque
1483 1796 1784 1837 auctoritatem

188 1878 337 1912 meam,
360 1862 537 1916 benigne
558 1866 699 1901 tamen
721 1875 786 1900 me
808 1865 856 1901 ut
877 1861 1013 1900 adhuc
1035 1860 1193 1901 fecistis
1213 1860 1408 1901 audiatis.

249 1927 437 1968 Primum
458 1926 587 1981 igitur
606 1930 703 1965 acta
725 1924 918 1965 Caesaris
938 1925 1143 1965 servanda
1163 1938 1323 1975 censeo,
1347 1940 1430 1965 non
1452 1940 1532 1979 quo
1553 1925 1784 1979 probem—

192 1993 285 2048 quis
301 1991 410 2033 enim
432 1991 474 2031 id
495 1990 659 2045 quidem
681 1994 823 2044 potest
836 1989 983 2030 ss—sed
1006 1989 1102 2043 quia
1123 1989 1328 2030 rationem
1349 1990 1581 2030 habendam
1601 1989 1784 2030 maxime

192 2058 372 2099 arbitror
392 2056 507 2112 pacis
537 2061 663 2110 atque
685 2054 772 2095 otii.
841 2053 1005 2095 Vellem
1027 2054 1195 2095 adesset
1218 2054 1263 2093 M
1274 2087 1282 2095 .
1303 2054 1526 2104 Antonius
1549 2055 1673 2095 modo
1695 2054 1783 2095 sine

193 2121 553 2169 advocatis—sed,
577 2125 626 2161 ut
647 2120 805 2175 opinor,
827 2119 927 2159 licet
949 2119 985 2159 ei
1016 2118 1154 2159 minus
1175 2119 1323 2169 valere,
1348 2120 1459 2174 quod
1479 2119 1578 2159 mihi
1600 2118 1687 2159 heri
1709 2134 1784 2173 per

194 2189 308 2229 illum
347 2202 430 2228 non
469 2185 820 2226 licuit—doceret
859 2198 924 2224 me
965 2184 1028 2224 vel
1067 2184 1209 2238 potius
1240 2198 1325 2235 VOS,
1362 2188 1504 2239 patres
1543 2183 1782 2239 conscripti,

240 2293 320 2323 qnae
329 2281 471 2322 partim]
512 2279 707 2314 Visitaffions,
721 2279 905 2318 judgments
920 2278 969 2308 for

1012 2282 1064 2300 —⁴
1073 2277 1166 2308 fuerit
1180 2301 1186 2308 .
1200 2301 1207 2308 .
1220 2302 1227 2308 .
1241 2279 1414 2308 necessaria
1424 2277 1442 2309 :⁹
1461 2281 1567 2318 ‘grant
1575 2278 1646 2308 that
1655 2278 1710 2308 the
1720 2288 1785 2309 ser-

196 2327 261 2357 this
281 2325 401 2364 unholy
425 2323 483 2353 SC.
540 2323 599 2353 His
622 2322 800 2352 affectation
822 2321 857 2351 of
880 2321 968 2361 piety

1013 2322 1074 2351 vile
1096 2321 1291 2360 compliance
1312 2322 1347 2351 of
1368 2331 1455 2351 some
1475 2331 1536 2351 was
1562 2320 1784 2360 compulsory‚’

196 2370 223 2399 is
234 2369 406 2403 ludicrous3
432 2366 492 2396 and
504 2366 558 2395 the
571 2368 645 2394 next
659 2368 805 2395 sentence
817 2364 842 2393 is
855 2365 970 2393 almost

197 2412 361 2441 comic.-—‘
376 2410 412 2439 L.
430 2409 575 2438 Pisonem
592 2408 703 2437 ducem
717 2407 736 2437 ι’
764 2408 800 2437 L.
820 2407 891 2437 Piso
907 2416 970 2436 was

197 2464 267 2484 now
298 2453 418 2491 worthy
448 2451 483 2480 of
509 2451 564 2480 the
596 2451 692 2480 State.
740 2451 791 2480 He
820 2450 881 2479 had
912 2450 970 2479 im-

197 2496 314 2536 proved
345 2496 392 2524 his
424 2504 570 2524 manners
599 2494 683 2523 since
714 2493 822 2524 Cicero
853 2492 971 2522 abused

196 2540 263 2570 him
281 2539 335 2578 (In
352 2536 484 2576 Pison.).

242 2582 400 2620 beneficiis
425 2579 512 2618 usos]
561 2579 639 2608 Men
666 2578 769 2608 whom
800 2578 854 2607 the
878 2578 910 2607 P.
930 2578 969 2607 R.

197 2625 258 2655 had
286 2622 404 2653 elected
429 2626 568 2661 praetors
598 2621 659 2651 and
687 2621 821 2651 consuls.
867 2621 970 2650 These

198 2668 303 2697 offices
322 2675 402 2695 were
424 2665 478 2694 the
503 2663 657 2694 benefices
679 2663 780 2693 which
804 2663 858 2693 the
876 2664 909 2693 P.
929 2663 968 2693 R.

198 2709 424 2740 bestowed.—⁴
439 2717 584 2736 assensus
594 2711 640 2736 est
652 2706 671 2736 ε’
689 2706 886 2745 accordingly
898 2706 969 2735 Piso

200 2753 253 2782 did
268 2755 325 2782 not
339 2760 454 2791 appear
474 2750 506 2779 in
523 2749 576 2778 the
598 2753 703 2778 senate
719 2759 760 2778 on
775 2749 830 2778 the
850 2749 969 2778 follow-

199 2796 254 2834 ing
276 2795 353 2834 day:
380 2796 399 2810 ‘⁴
413 2793 500 2822 Num
524 2792 594 2830 quis
611 2792 716 2821 Pisoni
736 2794 784 2821 est
799 2793 969 2821 assensus?

200 2838 287 2868 Num
303 2837 396 2867 rediit
410 2835 478 2874 ipse
493 2834 643 2874 postridie
655 2834 694 2863 ?’'

243 2880 379 2919 malum]
419 2878 471 2909 An
487 2876 694 2907 exclamation
710 2886 744 2905 or
759 2876 969 2915 interjection,

201 2934 234 2953 as
252 2923 282 2952 in
295 2923 445 2953 Terence.
486 2920 544 2950 See
556 2919 665 2957 Index,
680 2920 749 2948 Vol.
763 2920 795 2949 ii.
808 2919 968 2949 ‘Mallum’

1014 2364 1050 2394 of
1073 2364 1163 2394 those
1186 2364 1221 2393 of
1234 2364 1404 2393 Antonius’
1432 2365 1614 2394 faction.—‘
1629 2363 1786 2393 consulari

1014 2407 1083 2437 loco
1096 2406 1115 2436 :'
1140 2406 1271 2436 Abrami
1287 2407 1432 2446 properly
1447 2407 1586 2436 reminds
1606 2416 1643 2436 us
1659 2407 1728 2436 that
1744 2406 1786 2436 all

1016 2459 1147 2489 persons
1173 2459 1253 2479 were
1279 2453 1336 2479 not
1363 2448 1584 2479 ‘consulares’
1612 2449 1682 2478 who
1709 2459 1786 2488 gave

1016 2493 1097 2522 their
1124 2492 1252 2531 opinion
1273 2496 1280 2509 ‘
1295 2492 1451 2522 consulari
1469 2491 1555 2522 loco’
1579 2491 1655 2532 (Pro
1672 2491 1784 2528 Balbo,

1016 2546 1041 2566 c.
1060 2538 1111 2570 525,
1128 2535 1190 2565 and
1205 2535 1259 2564 the
1274 2535 1375 2571 note).

1058 2587 1120 2608 non
1136 2578 1228 2607 modo
1244 2577 1362 2617 metus]
1409 2577 1448 2607 V.
1488 2577 1592 2607 There
1612 2578 1638 2607 is
1657 2587 1676 2606 a
1695 2576 1785 2606 read-

1013 2621 1067 2660 ing
1085 2623 1092 2637 ‘
1106 2630 1169 2649 non
1186 2620 1296 2656 metu,'
1308 2621 1338 2650 D
1354 2621 1374 2650 i.
1421 2620 1486 2651 But
1497 2621 1551 2650 the
1566 2621 1720 2659 language
1735 2629 1784 2649 re-

1013 2664 1117 2703 quires
1135 2667 1141 2679 ‘
1156 2663 1273 2693 modo.'

1057 2708 1086 2741 7.
1115 2709 1187 2736 aeta
1222 2706 1381 2745 Caesaris]
1440 2705 1499 2735 See
1528 2704 1706 2734 Introd.—⁴
1717 2703 1785 2734 sine

1015 2748 1172 2778 advocatis
1185 2748 1204 2777 ι’
1230 2748 1278 2778 his
1299 2747 1476 2778 ‘advocati'
1497 2757 1534 2776 or
1556 2747 1679 2785 helpers
1704 2756 1785 2776 were

1016 2791 1154 2822 soldiers.
1202 2791 1260 2821 See
1278 2791 1387 2827 Index,
1399 2791 1469 2819 Vol.
1481 2790 1502 2818 i.
1519 2793 1526 2806 ‘
1537 2788 1785 2819 Advocatus.'—-

1015 2837 1022 2851 ‘
1037 2834 1139 2864 minus
1155 2834 1287 2863 valere:'
1313 2836 1320 2850 ‘
1334 2834 1375 2863 he
1397 2842 1468 2871 may
1483 2832 1522 2861 be
1545 2832 1716 2861 somewhat
1736 2832 1785 2861 in-

1014 2877 1169 2915 disposed,
1185 2876 1307 2914 though
1328 2876 1367 2905 he
1382 2875 1484 2904 would
1507 2876 1564 2903 not
1579 2874 1669 2903 allow
1685 2884 1736 2904 me
1750 2876 1784 2904 to

1015 2919 1054 2949 bo
1070 2930 1104 2949 so
1120 2919 1304 2958 ycsterday?
1352 2918 1410 2948 See
1427 2917 1547 2947 Introd.
1565 2917 1624 2946 and
1643 2927 1668 2947 c.
1687 2919 1717 2946 5.
