1816 3211
117 221 200 263 306
390 218 566 261 ORAT.
600 217 720 259 PRO
753 218 797 260 O.
833 216 1090 258 RABIRIO
1125 216 1419 259 POSTUMO

119 333 348 389 Pompeius
369 333 448 374 fuit
467 351 477 381 3
513 346 588 373 nec
609 336 885 386 posteaquam
916 330 1024 371 illius
1049 330 1294 372 auctoritati
1315 345 1407 371 eam
1428 331 1522 394 dedi
1543 331 1705 372 veniam

117 413 243 454 quam
275 398 411 448 debui,
450 397 674 452 quidquam
710 395 914 443 simulate,
953 410 1003 435 ne
1041 410 1135 436 cum
1165 410 1259 436 mea
1288 396 1463 450 perfidia
1490 396 1547 437 illi
1579 396 1707 437 ctiam

117 463 195 518 ipsi
231 464 410 504 facerem
450 462 515 502 cui
557 460 804 501 beneficium
846 459 1056 501 dedissem
1092 460 1298 514 injuriam.
1373 460 1482 501 Nam
1521 476 1604 501 non
1644 476 1706 502 re-

117 528 282 569 deundo
314 528 354 567 in
385 526 565 581 gratiam
597 539 691 565 cum
721 524 888 565 inimico
920 539 1003 565 non
1034 525 1240 566 violabam
1262 524 1533 580 Pompeium:
1567 526 1603 566 si
1633 539 1707 580 per

117 608 210 634 eum
240 592 440 632 reductus
471 589 668 630 insidiose
699 589 912 640 redissem,
936 604 1002 630 me
1030 589 1188 631 scilicet
1211 589 1402 639 maxime,
1425 591 1498 631 sed
1520 591 1705 645 proxime

116 658 230 698 illum
261 670 424 710 quoque
454 654 703 695 fefellissem.
767 655 829 694 At
851 654 902 694 de
931 669 997 695 me
1018 655 1289 701 omittamus3
1322 656 1374 696 ad
1398 654 1706 695 Alexandrinos

116 722 221 762 istos
261 724 532 761 revertamur.
602 718 724 769 Quod
763 718 919 760 habent
959 722 1034 759 os!
1085 734 1208 774 quam
1249 720 1492 760 audaciam!
1573 718 1705 759 Modo

116 786 233 828 vobis
254 784 587 840 inspectantibus
609 783 650 822 in
675 783 836 837 judicio
860 783 1027 824 Gabinii
1048 785 1174 825 tertio
1205 798 1370 838 quoque
1390 785 1518 825 verbo
1549 784 1705 825 excita-

117 853 296 892 bantur:
338 849 553 904 negabant
587 847 807 902 pecuniam
846 848 1026 889 Gabinio
1066 849 1221 890 datam.
1283 849 1564 890 Recitabatur
1592 849 1706 889 iden-

116 915 246 956 tidem
270 913 461 968 Pompeii
494 912 794 962 testimonium,
829 927 973 968 regem
1003 913 1055 953 ad
1086 928 1131 955 se
1161 913 1377 968 scripsisse
1398 914 1551 954 nullam
1581 927 1706 968 pecu-

108 980 228 1034 ⁸niam
251 979 430 1019 Gabinio
451 978 530 1018 nisi
561 977 602 1017 in
633 992 721 1018 rem
751 977 973 1018 militarem
1006 978 1161 1019 datam.
1224 978 1319 1018 Non
1341 983 1419 1028 est,
1443 978 1592 1032 inquit,
1615 982 1705 1018 tum

116 1042 417 1085 Alexandrinis
447 1042 628 1083 testibus
659 1041 1051 1094 credimur—Quid
1081 1047 1230 1097 postea
1243 1042 1511 1084 Z—Oreditur
1538 1056 1705 1082 nunc—

118 1108 398 1160 Quamobrem
411 1107 592 1158 Z—Quia
621 1120 731 1146 nunc
762 1106 879 1147 aiunt
910 1107 1019 1161 quod
1048 1112 1147 1148 tunc
1176 1108 1400 1162 negabant.
1463 1107 1572 1158 Quid
1605 1120 1704 1161 ergo

115 1173 198 1215 ista
219 1172 403 1214 conditio
435 1177 499 1212 est
530 1171 716 1219 testium,
741 1175 789 1211 ut
821 1170 970 1224 quibus
1001 1171 1205 1212 creditum
1235 1186 1318 1211 non
1349 1171 1405 1212 sit
1434 1170 1702 1225 negantibus,

116 1238 263 1278 iisdem
303 1237 499 1277 credatur
540 1235 802 1275 dicentibus?
861 1234 926 1275 At
965 1234 1000 1275 si
1039 1249 1182 1275 verum
1221 1240 1314 1275 tum
1355 1249 1450 1275 cum
1490 1234 1705 1275 verissima

115 1302 254 1343 fronte
285 1301 495 1349 dixerunt,
518 1313 627 1339 nunc
659 1298 934 1339 mentiuntur.
996 1298 1040 1339 Si
1061 1305 1164 1340 tunc
1194 1298 1361 1339 mentiti
1390 1303 1499 1349 sunt,
1525 1298 1706 1340 doceant

114 1380 191 1407 nos
218 1379 360 1407 verum
392 1379 472 1419 quo
500 1363 618 1404 vultu
651 1363 815 1404 soleant
847 1362 998 1404 dicere.
1061 1363 1351 1404 Audiebamus
1376 1363 1700 1404 Alexandriam:

115 1445 227 1472 nunc
276 1429 583 1484 cognoscimus.
659 1427 778 1468 Illinc
828 1443 973 1469 omnes
1027 1428 1302 1484 praestigiae:
1351 1427 1474 1477 illinc,
1522 1428 1702 1483 inquam,

114 1509 258 1536 omnes
288 1494 501 1540 fallaciae;
536 1492 674 1533 omnia
695 1493 872 1548 denique
902 1495 956 1535 ab
986 1494 1051 1535 his
1080 1494 1300 1534 mimorum
1330 1498 1578 1548 argumenta
1606 1497 1707 1534 nata

115 1565 228 1601 sunt.
291 1558 381 1600 Nec
412 1557 514 1598 mihi
544 1557 709 1611 longius
740 1558 965 1612 quidquam
996 1563 1073 1608 est,
1101 1558 1276 1613 judices,
1310 1572 1434 1612 quam
1463 1558 1602 1598 videre
1633 1558 1705 1598 ho-

114 1624 273 1666 minum
313 1623 466 1664 vultus.
541 1621 681 1662 XIII.
730 1622 942 1664 Dixerunt
980 1623 1048 1664 hic
1091 1623 1214 1663 modo
1254 1622 1471 1663 nobiscum
1510 1622 1563 1662 ad
1602 1622 1706 1663 haec

115 1687 323 1736 subsellia,
347 1687 498 1742 quibus
529 1686 761 1741 superciliis
791 1692 1016 1728 renuentes
1037 1687 1133 1727 huic
1155 1687 1299 1727 decem
1319 1686 1492 1726 millium
1515 1686 1702 1727 crimini!

114 1753 216 1793 Jam
238 1751 370 1793 nostis
391 1751 670 1792 insulsitatem
692 1750 951 1791 Graecorum
970 1768 978 1792 z
1012 1751 1193 1791 humeris
1222 1756 1390 1806 gestum
1410 1751 1595 1805 agebant
1614 1756 1706 1791 tum

114 1816 330 1871 temporis,
365 1816 502 1865 credo,
541 1829 714 1855 caussa:
757 1829 868 1855 nunc
904 1815 1064 1856 scilicet
1094 1820 1259 1870 tempus
1290 1814 1444 1855 nullum
1475 1820 1553 1856 est.
1616 1815 1704 1855 Ubi

116 1881 244 1922 semel
279 1880 370 1934 quis
402 1879 663 1935 pejeraverit,
702 1879 739 1919 ei
781 1879 893 1920 credi
928 1885 1090 1933 postea,
1127 1879 1292 1920 etiamsi
1324 1894 1397 1934 per
1429 1880 1568 1934 plures
1604 1880 1704 1920 deos

111 1946 239 2000 juret,
276 1959 359 1985 non
393 1949 573 1999 oportet,
612 1943 872 1999 praesertim,
903 1944 1077 1998 judices,
1116 1959 1242 1999 quum
1274 1944 1317 1984 in
1351 1944 1416 1984 his
1451 1944 1620 1998 judiciis
1652 1959 1704 1985 ne

114 2011 228 2051 locus
265 2009 431 2064 quidem
467 2023 573 2049 novo
605 2008 707 2049 testi
743 2009 877 2049 soleat
916 2023 1018 2060 esse,
1057 2009 1110 2049 ob
1146 2023 1320 2063 eamque
1357 2022 1548 2048 caussam
1580 2009 1705 2049 iidem

110 2074 274 2129 judices
309 2074 569 2115 retineantur
604 2073 672 2128 qui
713 2073 869 2114 suerint
909 2073 960 2114 de
1001 2087 1084 2124 reo,
1127 2078 1174 2114 ut
1211 2073 1275 2114 his
1309 2077 1411 2114 nota
1446 2072 1532 2114 sint
1567 2073 1705 2113 omnia

116 2152 248 2193 neque
269 2138 368 2193 quid
388 2137 490 2193 fingi
510 2137 605 2178 novi
626 2137 770 2192 possit.

115 2256 284 2295 Pompeius
296 2255 377 2292 fuit,’
390 2255 531 2294 Madvig,
546 2255 859 2286 Halm.—‘simulate
868 2254 887 2285 :'

117 2299 214 2328 Halm
240 2298 317 2328 adds
346 2303 352 2315 ‘
366 2298 438 2337 egi.y
483 2298 552 2328 The
583 2308 729 2328 common
754 2299 888 2328 editions

115 2341 195 2370 have
208 2343 215 2357 ‘
227 2340 391 2370 simulavi.'
425 2341 494 2371 The
510 2341 598 2370 codd.
615 2341 694 2370 have
706 2341 887 2371 ‘simulata‘

159 2392 208 2412 me
233 2384 355 2413 scilicet
376 2384 531 2423 maxime]
558 2383 689 2413 Abrami
706 2387 816 2423 quotes
834 2384 888 2414 Se-

115 2435 204 2463 neca,
215 2425 275 2464 Ep.
293 2427 348 2456 81:
367 2426 568 2455 “Minimum
585 2436 622 2456 ex
638 2427 779 2466 nequitia
794 2427 886 2456 levis-

116 2469 295 2507 simumque
320 2469 352 2497 in
378 2469 455 2498 alios
481 2469 656 2499 redundat:
682 2469 767 2508 quod
792 2470 888 2508 pessi-

116 2521 204 2541 mum
220 2520 258 2540 ex
284 2511 335 2539 illa
355 2515 411 2547 est,
436 2515 467 2541 et
492 2515 529 2541 ut
549 2512 593 2541 ita
618 2511 719 2541 dicam
742 2512 890 2551 spississi-

117 2563 204 2583 mum
232 2553 317 2582 domi
340 2557 481 2583 remanet
505 2558 537 2584 et
566 2555 682 2594 premit
708 2555 887 2591 habentem,

116 2595 380 2636 quemadmodum
404 2597 528 2626 Attalus
551 2601 657 2627 noster
681 2597 781 2627 dicere
808 2598 887 2627 sole-

115 2639 191 2668 bat:
216 2638 335 2667 malitia
358 2639 525 2669 maximam
552 2643 673 2679 partem
705 2640 753 2670 sui
776 2641 888 2671 veneni

116 2679 247 2711 habet.”

160 2722 402 2761 excitabantur]
431 2725 524 2752 ‘were
536 2724 633 2754 called
648 2735 682 2755 as
702 2725 885 2755 witnesses.’

160 2764 354 2803 dicentibus]
386 2768 393 2781 ‘
407 2765 563 2796 aientibus
583 2768 629 2797 vir
655 2768 765 2798 doctus
782 2769 886 2798 nescio

117 2809 206 2848 quis:
253 2807 430 2838 dicentibus
475 2807 574 2837 codd?
629 2810 768 2850 (Halm),
813 2811 885 2840 who

116 2851 237 2881 follows
262 2850 316 2880 the
342 2850 350 2866 ‘
366 2850 412 2879 vir
441 2849 677 2882 doctus.’—‘At
704 2853 730 2883 si
754 2853 882 2883 verum’

118 2897 194 2923 &c.:
214 2896 221 2910 ‘
233 2893 277 2923 At
293 2893 316 2922 si
333 2902 440 2922 verum
459 2895 536 2922 tunc
548 2894 741 2925 severissima
756 2895 882 2932 fronte‚’

116 2936 256 2976 Madvig,
286 2935 447 2966 Halm.—‘
458 2934 591 2966 doceant
606 2945 683 2966 nos.
703 2959 710 2967 .
725 2960 731 2968 .
749 2937 850 2968 dicere
861 2938 881 2968 ι’

933 2255 1040 2292 Halm,
1061 2255 1220 2295 following
1242 2256 1382 2295 Madvig,
1406 2255 1510 2285 whose
1535 2255 1665 2295 reading
1679 2255 1706 2286 is

932 2309 1005 2338 very
1017 2309 1093 2329 near
1105 2299 1159 2329 the
1171 2303 1298 2338 corrupt
1306 2299 1388 2328 form
1400 2298 1435 2328 of
1447 2299 1502 2328 the
1518 2298 1626 2338 MSS.‚
1642 2299 1704 2329 and

932 2352 950 2371 a
966 2351 1040 2381 very
1052 2342 1203 2381 probable
1214 2342 1411 2372 restoration.

979 2386 1048 2414 Nec·
1059 2386 1139 2415 mihi
1156 2385 1296 2424 Ionqius]
1317 2385 1439 2414 ‘There
1453 2384 1479 2414 is
1490 2383 1624 2423 nothing
1635 2384 1706 2414 that

934 2427 949 2457 I
967 2427 1043 2457 wish
1067 2426 1177 2457 more.'
1222 2427 1252 2457 A
1276 2437 1407 2466 passage
1431 2427 1464 2456 in
1488 2427 1544 2456 the
1572 2427 1705 2456 Verrine

934 2471 1072 2499 orations
1102 2470 1244 2509 explains
1270 2470 1353 2499 this:
1386 2469 1506 2499 “Nihil
1529 2469 1557 2499 ei
1580 2469 1704 2508 longius

935 2512 1099 2543 videbatur
1128 2523 1222 2552 quam
1250 2512 1324 2542 dum
1348 2512 1427 2542 illud
1451 2512 1569 2542 videret
1592 2522 1703 2551 argen—

933 2555 1037 2585 tum.”
1085 2555 1143 2586 See
1157 2555 1283 2585 Tuscul.
1300 2555 1341 2584 iv.
1357 2556 1410 2585 21.

979 2599 1028 2629 13.
1068 2599 1209 2628 humeris
1233 2598 1372 2637 yestum]
1408 2597 1561 2628 ‘Gestum
1587 2596 1701 2636 agere’

932 2641 959 2670 is
981 2651 1021 2670 an
1047 2641 1228 2680 expression
1258 2640 1360 2670 which
1390 2640 1500 2670 Cicero
1529 2649 1611 2669 uses.
1671 2639 1704 2668 It

933 2693 1040 2713 means
1056 2687 1088 2713 to
1104 2693 1160 2712 use
1175 2687 1299 2722 gesture
1325 2692 1360 2712 or
1375 2683 1478 2712 action
1495 2681 1570 2722 (Pro
1589 2681 1703 2711 Roscio

933 2726 1021 2756 Com.
1047 2736 1073 2755 c.
1098 2727 1129 2761 8,
1154 2726 1217 2755 and
1237 2725 1292 2755 the
1307 2724 1408 2764 note).
1455 2725 1558 2754 These
1582 2722 1701 2753 Greeks

931 2768 1086 2807 shrngged
1112 2778 1156 2807 up
1180 2768 1262 2797 their
1286 2767 1448 2797 shoulders
1474 2767 1523 2796 for
1543 2765 1598 2795 the
1612 2774 1710 2797 occa-A

930 2811 1017 2840 sion:
1043 2811 1118 2850 they
1140 2811 1201 2840 had
1218 2810 1352 2848 nothing
1366 2813 1400 2839 to
1423 2819 1477 2847 say
1497 2808 1620 2846 against
1637 2807 1698 2837 Ga-

928 2853 1033 2883 binius
1058 2853 1092 2882 in
1127 2853 1182 2883 the
1212 2855 1328 2882 matter
1354 2851 1391 2881 of
1415 2850 1699 2888 bribery.—‘novo

927 2896 1001 2926 testi
1015 2894 1034 2925 ι’
1058 2896 1088 2925 in
1114 2895 1204 2925 these
1229 2894 1379 2934 inquiries
1400 2892 1478 2922 such
1503 2902 1536 2922 as
1559 2892 1613 2922 the
1628 2901 1698 2930 pre-

929 2940 1009 2975 sent,
1026 2947 1067 2969 no
1079 2947 1148 2969 new
1159 2938 1307 2968 evidence
1317 2936 1343 2966 is
1352 2934 1502 2972 received,
1518 2944 1552 2965 as
1562 2934 1602 2965 he
1617 2944 1697 2973 says.
