1816 3211
96 203 177 243 634
267 199 448 242 ORAT.
481 198 994 240 PHILIPPIGARUM
1029 197 1145 239 LIB.
1179 197 1240 238 X.
1275 196 1408 239 oAP.
1443 200 1509 239 11.

96 330 177 372 que
208 315 398 371 imperet,
436 327 687 368 operamque
727 312 801 353 det
834 316 884 353 ut
919 326 1014 353 cum
1053 310 1138 352 suis
1178 309 1307 365 copiis
1341 325 1465 365 quam
1498 311 1684 367 proxime

97 381 265 424 Italiam
299 379 379 421 sit:
414 392 622 433 quumque
653 392 706 417 ex
737 376 889 418 litteris
927 376 976 427 Q.
1001 374 1224 430 Caepionis
1256 374 1380 416 Bruti
1412 390 1488 431 pro
1515 377 1684 418 consule

95 447 354 489 intellectum
375 443 431 484 sit
449 443 500 494 Q.
517 442 737 483 Hortensii
758 456 833 496 pro
851 441 1019 482 consule
1036 455 1161 496 opera
1182 446 1226 481 et
1247 440 1403 482 virtute
1419 441 1686 484 vehementer

95 526 184 553 rem
223 509 432 565 publicam
471 507 662 561 adjutam
696 506 917 560 omniaque
952 506 1044 559 ejus
1078 505 1250 546 consilia
1286 520 1381 547 oum
1412 507 1592 548 consiliis
1635 507 1686 559 Q.

97 573 318 630 Caepionis
340 571 462 612 Bruti
482 586 555 626 pro
578 571 747 612 consule
779 571 1007 626 conjuncta
1037 570 1177 622 fuisse,
1211 585 1384 625 eamque
1415 585 1504 612 rem
1534 585 1686 627 magno

95 640 188 682 usui
209 638 268 679 rei
289 637 478 693 publicae
498 636 638 685 fuisse,
663 636 714 688 Q.
734 635 1013 677 Hortensium
1033 650 1107 690 pro
1129 636 1296 677 consule
1317 640 1432 677 recte
1453 641 1497 677 et
1527 636 1684 686 ordine,

95 719 231 760 exque
263 702 477 758 republica
515 701 678 751 fecisse,
721 701 970 756 senatuique
1009 701 1174 756 placere
1212 700 1261 752 Q.
1298 701 1576 742 Hortensium
1610 716 1686 756 pro

96 770 263 812 consule
294 783 388 809 cum
418 772 642 823 quaestore
672 782 799 822 prove
820 771 1041 822 quaestore
1061 771 1106 808 et
1135 766 1286 821 legatis
1315 766 1402 807 suis
1432 765 1687 820 provinciam

99 833 393 877 Macedoniam
412 832 613 882 obtinere,
637 832 774 887 quoad
795 832 833 873 ei
853 847 907 873 ex
927 831 1293 873 senatusconsulto
1314 845 1552 872 successum
1573 831 1644 873 sit.

141 957 211 977 cum
229 949 393 986 quaestore
402 956 504 986 prove
520 946 700 986 quaestore]
720 946 860 976 Momm-
919 955 1015 986 prove
1053 945 1247 986 questore53’
1284 945 1347 976 and
1384 948 1397 976 t
1433 945 1490 975 has
1526 948 1619 975 ‘cum
1656 955 1686 984 q.

98 999 165 1027 sen,
205 990 313 1020 Halm.
368 990 399 1019 V
435 990 492 1019 has
531 992 621 1018 ‘cum
661 989 860 1029 questoribus
918 999 1015 1029 prove
1031 989 1073 1029 q.’
