1816 3211
121 177 203 217 492
270 175 446 217 ORAT.
479 175 991 218 PHILiPPIoARUM
1028 174 1211 216 LIBER
1244 175 1584 218 SECUNDUS.

121 288 208 329 dies
237 288 465 329 abfuisset?
526 289 609 330 Gur
639 289 722 328 ludi
747 288 1008 342 Apollinares
1036 286 1273 329 incredibili
1314 288 1373 329 M.
1397 287 1515 330 Bruti
1547 289 1701 329 honore

120 353 344 393 celebrati?
405 353 488 394 Cur
518 352 754 407 provinciae
788 352 918 391 Bruto
941 357 984 391 et
1007 352 1149 391 Cassio
1181 352 1334 392 datae?
1367 367 1438 391 cur
1459 359 1702 407 quaestores

114 417 277 462 additi?
308 432 380 457 cur
412 418 642 470 legatorum
675 430 871 455 numerus
899 417 1076 455 auctus?
1139 415 1280 469 A.tque
1303 416 1404 455 11000
1425 423 1518 457 acta
1540 432 1611 471 per
1632 423 1698 458 te:

120 496 201 522 non
238 481 365 534 igitur
400 480 639 520 homicidas.
707 479 904 532 Sequitur
936 488 983 518 ut
1018 478 1261 519 liberatores
1301 486 1374 520 tuo
1411 480 1567 533 judicio
1604 482 1700 528 sint,

120 544 451 600 quandoquidem
475 543 646 584 tertium
667 542 767 582 nihil
788 547 931 596 potest
952 558 1056 583 esse.
1119 544 1227 595 Quid
1256 546 1350 585 est?
1380 559 1477 584 num
1499 547 1702 586 conturbo

119 611 188 650 te?
250 608 344 648 Non
378 607 484 647 enim
519 608 697 648 fortasse
725 608 829 648 satis
864 621 969 662 quae
1003 607 1232 661 dijunctius
1265 609 1460 649 dicuntur
1492 609 1699 664 intelligis.

121 674 203 713 Sed
226 679 365 713 tamen
396 671 499 712 haec
520 686 682 712 summa
707 676 771 712 est
801 671 1076 712 eonclusionis
1097 687 1236 713 meae:
1272 673 1466 727 quoniam
1494 674 1648 714 scelere
1678 689 1704 714 a

118 743 160 777 te
191 736 355 777 liberati
387 740 498 784 sunt,
531 737 584 776 ab
615 736 761 776 eodem
801 735 884 791 [te]
919 736 1183 790 amplissimis
1211 737 1404 791 praemiis
1439 737 1719 792 dignissimos,

113 802 340 856 judicatos.
404 800 553 855 Itaque
570 801 657 854 jam
679 808 824 842 retexo
847 800 1078 841 orationem
1099 816 1247 842 meam.
1312 802 1499 842 Scribam
1529 803 1582 842 ad
1614 802 1703 842 illos

118 871 177 915 ut,
201 866 234 905 si
256 865 323 920 qui
358 864 464 904 forte
486 856 640 919 quoda
667 870 709 906 te
740 865 839 905 mihi
873 865 1083 919 objectum
1108 871 1173 906 est
1195 871 1397 920 quaerent
1418 866 1527 907 sitne
1548 880 1702 914 verum,

118 945 169 971 110
191 930 256 970 cui
287 934 455 984 negent.
518 929 687 969 Etenim
716 944 858 969 vereor
888 944 939 969 ne
972 935 1044 970 aut
1078 930 1259 971 delatum
1285 945 1349 970 me
1378 931 1456 971 illis
1484 930 1584 985 ipsis
1620 945 1704 971 non

118 995 352 1043 honestum,
386 1001 460 1034 aut
495 994 719 1034 invitatum
754 994 955 1049 refugisse
996 994 1095 1034 mihi
1135 995 1190 1035 sit
1225 995 1522 1050 turpissimum.
1587 995 1703 1047 Quae

117 1060 227 1100 enim
248 1074 313 1099 res
334 1074 542 1113 umquam,
565 1074 638 1113 pro
660 1065 804 1100 sancte
827 1060 1037 1114 Juppiter,
1061 1074 1143 1099 non
1165 1060 1288 1100 modo
1319 1061 1360 1100 in
1388 1061 1465 1101 hac
1486 1062 1600 1110 urbe,
1630 1062 1703 1101 sed

116 1125 159 1165 in
181 1124 369 1165 omnibus
402 1123 524 1164 terris
557 1129 623 1164 est-
653 1129 775 1177 gesta
802 1125 945 1177 major,
976 1138 1081 1178 quae
1111 1124 1340 1177 gloriosior,
1366 1140 1470 1179 quae
1499 1140 1703 1166 commen-

118 1189 255 1230 datior
276 1188 486 1228 hominum
517 1188 739 1228 memoriae
766 1188 1074 1242 sempiternae?
1135 1188 1185 1228 In
1217 1189 1341 1243 hujus
1368 1203 1433 1229 me
1465 1194 1513 1230 tu
1546 1190 1704 1230 consilii

116 1254 361 1294 societatem
382 1257 595 1306 tamquam
617 1252 658 1291 in
679 1267 831 1306 equum
853 1252 1081 1306 Trojanum
1103 1267 1196 1293 cum
1221 1253 1477 1308 principibus
1498 1254 1704 1295 includis?

118 1319 213 1358 Non
235 1331 406 1357 recuso:
440 1331 520 1371 ago
542 1316 666 1356 etiam
688 1316 861 1370 gratias,
895 1331 1059 1371 quoquo
1090 1317 1228 1357 animo
1258 1318 1372 1359 facis.
1436 1318 1572 1359 Tanta
1594 1319 1703 1359 enim

116 1397 182 1423 res
203 1386 267 1422 est
289 1386 334 1422 ut
354 1381 551 1421 invidiam
574 1380 710 1429 istam,
735 1396 858 1435 quam
890 1386 937 1422 tu
967 1381 1009 1421 in
1039 1396 1105 1422 me
1126 1381 1187 1422 vis
1218 1382 1442 1432 concitare,
1467 1397 1561 1423 eum
1581 1383 1702 1424 laude

115 1462 196 1488 non
220 1461 468 1501 comparem.
531 1445 639 1497 Quid
662 1445 770 1486 enim
791 1446 954 1487 beatius
976 1446 1055 1487 illis
1072 1461 1174 1501 quos
1194 1451 1241 1488 tu
1263 1447 1456 1502 expulsos
1478 1463 1502 1488 a
1524 1452 1566 1488 te
1587 1463 1702 1502 prae-

117 1513 231 1553 dicas
252 1517 294 1552 et
322 1511 560 1564 relegatos?
590 1510 659 1564 qui
690 1510 805 1551 locus
833 1516 899 1552 est
926 1516 1001 1552 aut
1027 1516 1115 1552 tam
1147 1511 1338 1552 desertus
1363 1517 1438 1553 aut
1470 1517 1558 1553 tam
1585 1513 1701 1552 inhu-

157 1602 260 1632 There
275 1602 301 1631 is
320 1611 362 1630 no
387 1600 477 1630 truth
502 1600 534 1629 in
559 1600 614 1629 the
639 1600 791 1629 assertion
811 1600 881 1629 that

117 1645 172 1674 the
183 1645 307 1674 Roman
323 1653 482 1682 emperors
496 1652 576 1672 were
593 1646 599 1659 ‘
612 1642 733 1681 legibus
747 1642 879 1672 solutus’

116 1688 149 1717 in
165 1687 219 1717 the
235 1697 325 1716 sense
349 1687 418 1715 that
442 1686 517 1724 they
540 1686 631 1715 could
646 1685 686 1714 do
703 1685 787 1714 what
813 1686 888 1724 they

117 1730 211 1764 liked,
238 1729 357 1768 though
378 1729 453 1767 they
476 1727 529 1756 did
550 1738 643 1767 many
659 1727 811 1766 arbitrary
827 1729 887 1757 and

117 1772 292 1812 tyrannica]
307 1774 393 1807 acts3
417 1770 477 1800 and
497 1779 530 1799 so
554 1770 608 1799 the
631 1770 722 1808 kings
743 1770 779 1798 of
802 1770 888 1808 Eng-

117 1815 192 1844 land
214 1815 248 1843 of
272 1814 326 1843 the
349 1814 456 1852 family
483 1812 519 1841 of
537 1812 646 1842 Tudor
670 1812 731 1841 and
757 1812 889 1841 Stewart

118 1857 181 1886 did.
228 1856 356 1886 Charles
373 1856 399 1885 I.
416 1855 497 1885 tried
523 1858 556 1884 to
579 1855 619 1884 do
640 1864 728 1883 more
751 1854 813 1883 and
837 1855 889 1883 did

119 1910 207 1929 more
221 1899 325 1937 illegal
340 1902 405 1927 acts
421 1898 498 1927 than
515 1907 602 1927 some
621 1897 657 1927 of
674 1897 727 1927 the
746 1900 841 1927 worst
857 1897 893 1926 of

119 1942 173 1972 the
191 1942 313 1971 Roman
330 1950 498 1979 emperors.

162 1983 384 2023 Apollinares]
449 1984 506 2012 See
543 1982 597 2011 the
628 1982 803 2011 Introd.—‘
818 1992 889 2021 pro-

119 2026 270 2057 vinciae!
296 2026 388 2056 Crete
413 2025 475 2055 and
502 2024 634 2063 Cyrene,
660 2029 715 2054 not
738 2024 793 2054 the
817 2035 889 2064 pro-

119 2070 224 2099 vinces
240 2069 274 2098 of
294 2068 482 2098 Macedonia
497 2067 557 2096 and
575 2067 664 2105 Syria
681 2067 844 2106 (Introd.).

164 2111 354 2150 dijunctius]
392 2111 444 2146 V.‚
477 2110 672 2139 ‘distinctius
686 2109 693 2123 '
737 2110 778 2139 D.
825 2110 890 2140 But

122 2158 130 2172 ⁴
143 2153 330 2193 dijunctius’
356 2154 382 2182 is
399 2153 452 2183 the
476 2152 631 2182 technical
652 2153 735 2182 word
759 2153 819 2182 and
836 2153 890 2182 the

120 2201 190 2227 true
217 2197 301 2225 word
325 2196 408 2226 here.
457 2195 551 2225 Halm
579 2194 675 2224 refers
696 2199 728 2224 to
755 2195 809 2224 the
826 2196 889 2225 To-

121 2241 190 2279 pica
204 2238 244 2279 (e.
262 2239 314 2276 14)
329 2251 336 2268 ι
362 2242 381 2255 “
395 2242 401 2254 ⁴
416 2237 541 2276 Reliqui
557 2237 787 2267 dialecticorum
806 2238 889 2267 modi

121 2283 225 2321 plures
242 2285 316 2311 sunt
332 2281 384 2320 qui
396 2291 433 2310 ex
450 2279 694 2318 dijunctionibus
710 2284 854 2310 constant
870 2281 888 2310 :'

123 2328 130 2341 ‘
143 2325 210 2354 Aut
225 2324 284 2353 hoc
300 2327 354 2353 aut
379 2322 473 2352 illud:
499 2323 559 2351 1100
579 2326 694 2357 autem,
711 2333 774 2352 non
795 2323 890 2362 igitur

120 2365 220 2396 illud)
268 2366 422 2404 Itemque,
450 2365 534 2394 ‘Aut
550 2364 608 2394 1100
631 2368 685 2394 aut
705 2365 800 2395 illud:
826 2376 889 2395 non

120 2412 226 2439 autem
251 2409 330 2438 hoc:
373 2407 449 2437 illud
475 2407 592 2445 igitur.⁷
650 2407 739 2439 Quae
762 2409 887 2437 conclu-

121 2452 224 2481 siones
249 2451 364 2480 idcirco
388 2453 473 2479 ratae
498 2453 581 2485 sunt,
604 2450 687 2488 quod
713 2451 745 2479 in
767 2450 888 2489 dijunc-

120 2495 206 2524 tione
222 2493 292 2532 plus
308 2502 371 2521 uno
387 2502 494 2522 verum
507 2502 574 2521 esse
589 2502 650 2521 non
665 2492 801 2531 potest.’'
850 2493 888 2522 In

122 2537 240 2567 Gellius
259 2535 301 2575 (v.
324 2535 374 2573 ll)
392 2534 563 2564 Favorinus
583 2545 692 2573 argues
714 2535 781 2564 that
804 2535 888 2565 Bias’

120 2582 284 2618 argument
299 2578 420 2615 against
431 2577 580 2615 marriage
598 2581 615 2593 ‘⁴
630 2587 692 2606 non
708 2582 810 2606 ratum
822 2588 888 2607 esse

120 2631 223 2661 neque
250 2621 371 2659 justum
410 2619 583 2657 dijunctum
619 2629 704 2649 esse:
740 2621 886 2659 quoniam

120 2674 184 2694 non
214 2663 422 2692 necessarium
458 2665 506 2691 est
534 2662 665 2690 alterum
697 2672 732 2691 ex
765 2663 888 2692 duobus

120 2716 199 2746 quae
214 2706 420 2744 dijunguntur
434 2714 540 2733 verum
558 2714 625 2733 esse
639 2716 645 2733 z
669 2705 751 2743 quod
768 2705 799 2733 111
817 2715 887 2743 pro-

119 2749 225 2788 loquio
251 2748 422 2786 dijunctivo
449 2746 657 2775 necessarium
673 2746 755 2776 est.”
803 2747 886 2777 Bias'

119 2795 286 2830 argument
301 2789 456 2820 therefore
472 2789 498 2818 is
514 2788 585 2817 bad.

164 2834 250 2864 Here
273 2833 298 2862 it
312 2842 374 2862 was
403 2831 480 2860 ‘hoc
502 2834 558 2860 aut
582 2830 658 2860 illud
670 2830 688 2866 3’
712 2831 800 2860 there
826 2842 887 2862 was

118 2886 159 2906 no
176 2875 344 2906 ‘tertium’
381 2874 453 2905 And
470 2874 495 2904 if
514 2873 539 2903 it
550 2883 612 2903 was
627 2877 684 2903 not
699 2883 768 2910 one,
786 2874 811 2904 it
827 2885 887 2905 was

932 1600 986 1631 the
1001 1600 1101 1631 other.

972 1643 1100 1682 releoeo]
1150 1643 1208 1673 See
1238 1643 1291 1673 the
1321 1643 1491 1682 beginning
1520 1643 1556 1674 of
1589 1655 1615 1675 0.
1650 1645 1700 1675 11.

931 1688 939 1703 ¹
953 1686 1075 1715 Retexo
1089 1686 1096 1699 '
1119 1695 1226 1714 means
1254 1689 1261 1702 ‘
1276 1686 1387 1716 niuto.’
1432 1687 1562 1716 Abrami
1590 1692 1701 1726 quotes

930 1728 1039 1758 Cicero
1053 1728 1118 1768 (Ad
1135 1728 1207 1757 Div.
1224 1728 1264 1757 xi.
1278 1728 1344 1768 28),
1366 1729 1420 1758 the
1432 1729 1524 1758 letter
1534 1730 1568 1759 of
1582 1730 1701 1759 Matius

930 1776 962 1800 to
982 1771 1109 1800 Cicero:
1138 1770 1218 1799 “An
1243 1771 1327 1810 quod
1353 1771 1532 1801 adolescens
1548 1773 1699 1811 praestiti,

931 1823 1027 1852 quum
1044 1813 1138 1842 etiam
1151 1823 1252 1842 errare
1265 1823 1335 1842 cum
1349 1815 1549 1843 excusatione
1564 1825 1700 1853 possem,

930 1856 962 1885 id
987 1865 1071 1884 nunc
1096 1859 1198 1885 aetate
1222 1856 1426 1895 praecipitata
1450 1862 1641 1887 commutem
1666 1868 1701 1887 ac

931 1908 981 1927 me
994 1903 1131 1927 retexam
1147 1897 1182 1927 ?'’

975 1941 1111 1970 celatum
1128 1950 1176 1970 me
1193 1941 1257 1970 illis
1274 1942 1368 1979 ipsis]
1417 1941 1507 1970 ‘that
1533 1942 1608 1979 they
1627 1951 1700 1971 con-

932 1983 1035 2012 cealed
1054 1983 1135 2012 from
1160 1993 1210 2012 me
1231 1984 1285 2012 the
1302 1984 1411 2021 design
1426 1984 1548 2022 against
1567 1984 1699 2014 Caesar’

933 2025 1097 2065 (Introd.).
1144 2026 1185 2055 D.
1211 2026 1338 2055 has‘ab
1366 2027 1440 2065 ipsis
1465 2026 1702 2056 illis.'—‘com-

932 2068 1097 2097 mendatur
1109 2068 1127 2097 :'
1155 2072 1173 2084 “
1185 2078 1264 2107 quae
1281 2068 1402 2107 dignior
1414 2073 1462 2099 est
1477 2069 1565 2107 cujus
1582 2079 1701 2098 memo-

930 2111 976 2140 ria
992 2120 1113 2150 semper
1129 2111 1219 2140 duret
1235 2115 1267 2140 et
1282 2111 1455 2141 celebretur
1468 2111 1488 2125 ’'
1508 2111 1699 2151 (Graevius).

975 2163 1088 2192 equum
1117 2154 1307 2192 Trojannm]
1357 2154 1415 2183 See
1435 2154 1545 2190 Index,
1567 2154 1639 2183 Vol.
1657 2154 1699 2183 iii.

929 2195 1179 2234 —‘relegatos:'
1214 2196 1273 2226 Pro
1299 2197 1410 2232 Sestio,
1433 2207 1459 2226 c.
1490 2198 1538 2232 13,
1562 2196 1624 2226 and
1647 2196 1702 2226 the

931 2241 1070 2268 11010.---ί
1082 2239 1248 2268 immemor
1278 2240 1444 2278 posteritas
1472 2261 1480 2269 .
1499 2261 1506 2268 .
1525 2261 1532 2268 .
1559 2239 1701 2278 ingratae

930 2281 1052 2311 litterae
1066 2280 1085 2310 :'
1110 2282 1164 2310 the
1180 2281 1257 2310 deed
1273 2282 1298 2310 is
1314 2285 1370 2310 not
1390 2282 1547 2320 forgotten
1563 2287 1626 2320 yet,
1643 2281 1702 2310 but

930 2324 984 2353 the
999 2324 1129 2363 opinion
1145 2324 1181 2353 of
1200 2324 1350 2362 posterity
1365 2324 1462 2354 about
1481 2324 1536 2354 the
1551 2324 1700 2353 assassins

930 2367 956 2395 is
972 2370 1028 2396 not
1044 2377 1077 2396 so
1094 2366 1274 2395 favourable
1289 2377 1322 2395 as
1339 2366 1447 2397 Cicero
1464 2376 1615 2406 supposes
1630 2366 1701 2395 that

929 2409 954 2438 it
970 2409 1072 2438 would
1089 2409 1138 2438 be.
1185 2409 1236 2438 He
1259 2409 1315 2438 has
1331 2410 1378 2438 his
1395 2409 1488 2438 wish:
1517 2409 1566 2438 ‘in
1589 2418 1700 2438 nume-

929 2461 999 2481 rum
1021 2452 1202 2481 sicariorum
1229 2452 1381 2490 ascriptus
1402 2450 1470 2481 est.’
1518 2451 1621 2481 Gothe
1643 2451 1700 2480 has

930 2494 996 2524 said
1012 2494 1046 2523 of
1071 2493 1213 2524 Caesar’s
1238 2494 1364 2523 murder
1391 2497 1410 2510 ‘⁴
1424 2495 1495 2524 that
1518 2495 1543 2523 it
1560 2503 1622 2523 was
1645 2493 1700 2522 the

930 2537 1039 2566 silliest
1061 2537 1152 2575 thing
1182 2537 1251 2565 that
1280 2547 1352 2566 ever
1381 2547 1443 2566 was
1473 2535 1590 2566 done.''
1646 2535 1700 2564 All

929 2589 1082 2618 generous
1109 2589 1180 2608 men
1204 2579 1276 2608 hate
1292 2589 1310 2608 a
1325 2582 1440 2618 tyrant,
1465 2579 1523 2608 but
1545 2579 1619 2617 they
1634 2578 1699 2607 also

929 2622 1027 2651 ablior
1054 2622 1286 2657 assassination,
1311 2622 1510 2660 particularly
1528 2621 1617 2649 when
1644 2620 1700 2648 the

929 2665 1080 2693 assassins
1111 2664 1189 2693 have
1224 2664 1352 2693 courted
1383 2664 1444 2693 and
1471 2662 1614 2692 flattered
1644 2662 1699 2690 the

929 2710 1045 2745 tyrant,
1075 2707 1137 2735 and
1171 2707 1311 2736 received
1342 2707 1466 2735 favours
1503 2706 1583 2734 from
1620 2704 1696 2732 him.

930 2749 1004 2779 And
1019 2749 1061 2778 all
1077 2759 1149 2778 men
1166 2749 1200 2778 of
1222 2758 1322 2784 sense,
1339 2749 1366 2778 if
1385 2749 1460 2787 they
1476 2747 1516 2777 do
1539 2756 1557 2775 a
1573 2745 1650 2775 deed
1667 2745 1702 2774 of

930 2792 1161 2827 assassination,
1178 2791 1281 2820 would
1302 2792 1417 2821 reckon
1433 2790 1502 2819 well
1526 2788 1608 2817 what
1624 2788 1649 2817 is
1665 2791 1698 2816 10

929 2833 969 2862 be
985 2834 1066 2863 done
1089 2837 1165 2863 next
1180 2834 1213 2863 in
1230 2833 1321 2863 order
1336 2834 1407 2863 that
1418 2833 1472 2862 the
1487 2834 1537 2861 act
1554 2840 1624 2870 may
1640 2833 1698 2860 not

931 2875 969 2906 be
985 2886 1024 2905 an
1040 2876 1212 2915 absurdity.
