1816 3211
669 182 803 225 OAP.
829 183 1012 224 43—45.
1563 180 1646 225 527

45 297 131 354 [te]
149 302 194 339 et
209 298 343 338 benev
346 297 502 339 olentia
518 296 670 339 civium
686 300 853 352 septum
870 299 1040 352 oportet
1057 310 1162 346 esse,
1177 309 1261 336 non
1277 293 1419 335 armiS.
1467 293 1645 349 Eripiet,

43 363 312 418 extorquebit
347 363 425 404 tibi
461 364 544 404 ista
577 363 752 419 populus
785 362 1013 411 Romanus,
1036 361 1200 402 utinam
1220 360 1345 401 salvis
1366 348 1500 400 nobis.
1564 359 1648 400 Sed

19 425 21 427 ¹
43 443 211 484 quoquo
232 429 356 469 modo
378 429 599 470 nobiscum
621 427 769 483 egeris,
795 428 893 468 dum
914 427 1008 468 istis
1030 426 1216 468 consiliis
1238 425 1383 476 uteris,
1407 440 1491 465 non
1513 429 1646 480 potes,

42 494 144 535 mihi
166 494 302 543 crede,
326 509 417 535 esse
440 494 675 535 diuturnus.
738 492 910 534 Etenim
932 492 1016 534 ista
1036 497 1110 534 tua
1131 492 1299 533 minime
1321 505 1448 532 avara
1479 491 1647 545 conjux,

42 575 169 615 quam
209 574 288 615 ego
326 559 416 600 sine
457 559 712 601 Contumelia
757 559 959 610 describo,
1003 550 1178 599 nimium
1219 557 1289 597 diu
1329 557 1456 597 debet
1495 556 1649 611 populo

44 624 236 666 Romano
277 625 520 680 pensionem
559 625 744 666 tertiam.
809 624 956 665 Habet
995 624 1173 680 populus
1207 622 1425 663 Romanus
1458 622 1513 662 ad
1547 636 1650 677 quos

41 690 325 746 gubernacula
355 691 415 731 rei
450 690 642 745 publicae
678 690 868 738 deferat;
908 689 979 745 qui
1015 690 1265 744 ubicumque
1295 693 1505 730 terrarum
1536 692 1650 738 sunt,

42 755 101 796 ibi
134 770 257 796 omne
289 760 355 796 est
391 755 450 796 rei
478 754 668 810 publicae
704 755 956 810 praesidium
984 755 1048 796 vel
1079 755 1220 810 potius
1252 755 1344 809 ipsa
1376 768 1443 794 res
1470 753 1648 809 publica,

43 835 149 876 quae
180 835 226 861 se
256 820 394 861 adhuc
427 820 722 862 tantummodo
754 820 844 861 ulta
879 825 957 870 est,
998 821 1186 862 nondum
1222 819 1499 874 recuperavit.
1561 819 1651 859 Ha-

44 886 119 927 bet
159 885 327 941 quidem
371 890 487 927 certe
536 899 604 926 res
642 885 809 940 publica
855 886 1146 927 adolescentes
1189 883 1486 934 nobilissimos,
1531 898 1652 938 para-

44 955 114 992 tos
147 951 412 992 defensores:
448 965 573 1006 quam
603 950 745 992 volent
780 950 838 991 illi
872 952 1026 993 cedant
1066 950 1154 992 otio
1194 950 1476 999 consulenteS,
1510 953 1653 990 tamen

44 1031 70 1057 a
98 1031 143 1057 re
171 1016 341 1071 publica
372 1016 696 1057 revocabuntur.
759 1015 821 1057 Et
847 1031 1000 1058 nomen
1033 1015 1150 1071 pacis
1181 1015 1302 1056 dulce
1325 1019 1391 1055 est
1413 1020 1456 1056 et
1476 1014 1565 1069 ipsa
1586 1029 1653 1055 res

45 1081 243 1122 salutaris
262 1098 272 1128 ;
307 1081 382 1122 sed
412 1081 523 1122 inter
550 1095 700 1136 pacem
721 1085 765 1122 et
787 1082 1035 1122 servitutem
1056 1080 1278 1136 plurimum
1301 1080 1494 1121 interest.
1559 1080 1653 1121 Pax

46 1152 113 1188 est
134 1146 359 1201 tranquilla
390 1146 578 1197 libertas,
610 1147 791 1188 servit-us
826 1152 1088 1202 postremum
1115 1146 1320 1187 malorum
1352 1145 1539 1186 omnium
1570 1160 1654 1186 non

46 1211 171 1252 modo
203 1211 323 1261 bello,
363 1212 437 1251 sed
472 1216 609 1252 morte
643 1211 771 1252 etiam
802 1212 1105 1267 repellendum.
1171 1210 1351 1263 Quodsi
1377 1225 1421 1251 se
1447 1211 1562 1265 ipsos
1595 1210 1653 1251 illi

46 1275 181 1316 nostri
215 1275 462 1316 liberatores
494 1290 517 1316 e
554 1281 785 1331 conspectu
825 1281 973 1317 nostro
1015 1276 1293 1325 abstulerunt,
1329 1282 1374 1316 at
1417 1276 1655 1330 exemplum

45 1340 148 1381 facti
179 1340 452 1395 reliquerunt.
515 1340 582 1380 Illi
618 1341 731 1396 quod
759 1356 882 1382 nemo
914 1341 1073 1382 fecerat
1108 1341 1313 1382 fecerunt.
1377 1340 1652 1396 Tarquinium

49 1406 210 1447 Brutus
231 1405 338 1446 bello
370 1410 435 1446 est
466 1410 728 1461 persecutus,
753 1406 824 1460 qui
856 1410 949 1447 tum
979 1420 1055 1446 rex
1082 1406 1174 1455 fuit,
1199 1421 1328 1461 quum
1364 1420 1456 1446 esse
1493 1405 1653 1447 Romae

48 1486 192 1526 regem
212 1471 380 1512 licebat.
444 1471 516 1526 Sp.
541 1469 724 1521 Cassius,
751 1470 822 1526 Sp.
848 1470 1043 1522 Maelius,
1071 1471 1136 1512 M.
1161 1471 1349 1512 Manlius
1370 1476 1543 1526 propter
1564 1485 1654 1512 sus—

48 1536 256 1591 picionem
291 1535 410 1590 regni
443 1536 671 1590 appetendi
703 1541 805 1577 sunt
836 1536 991 1577 necati.
1054 1535 1115 1576 Hi
1151 1536 1333 1591 primum
1366 1551 1460 1577 cum
1490 1537 1651 1591 gladiis,

48 1615 133 1641 non
160 1600 202 1640 in
231 1614 408 1655 regnum
440 1605 725 1655 appetentem,
754 1601 828 1641 sed
849 1600 892 1641 in
923 1605 1171 1655 regnantem
1206 1601 1412 1656 impetum
1446 1601 1650 1644 fecerunt.

51 1666 174 1719 Quod
191 1680 318 1720 quum
335 1665 471 1720 ipsum
487 1665 646 1706 factum
667 1680 742 1721 per
763 1680 807 1707 se
828 1666 1091 1720 praeclarum
1113 1671 1179 1707 est
1199 1671 1328 1721 atque
1347 1667 1543 1717 divinum,
1563 1672 1655 1709 tum

48 1730 288 1786 exposit-um
308 1730 362 1770 ad
383 1729 634 1771 imitandum
655 1735 733 1778 est,
752 1730 1002 1785 praesertim
1020 1745 1148 1785 quum
1169 1730 1226 1771 illi
1248 1745 1340 1771 eam
1356 1732 1533 1787 gloriam
1556 1747 1654 1773 con-

49 1796 184 1839 secuti
214 1795 299 1837 sint
332 1810 439 1850 quae
471 1795 541 1836 vix
577 1795 693 1836 caelo
728 1795 821 1850 capi
852 1810 975 1851 posse
1006 1795 1213 1837 videatur.
1276 1795 1371 1837 Etsi
1408 1797 1519 1837 enim
1551 1798 1655 1838 satis

49 1863 93 1904 in
117 1862 209 1917 ipsa
234 1859 494 1902 conscientia
524 1860 795 1915 pulcherrimi
830 1861 934 1902 facti
970 1861 1134 1902 fructus
1175 1865 1280 1911 erat,
1313 1865 1457 1903 tamen
1489 1862 1655 1904 mortali

49 1926 411 1969 immortalitatem
432 1940 516 1967 non
537 1925 721 1967 arbitror
742 1940 834 1967 esse
856 1927 1221 1967 contemnendam.

109 1990 258 2032 XLV.
293 1990 533 2031 Recordare
554 1990 683 2045 igitur
704 1990 832 2040 illum,
859 1991 922 2032 M.
946 1991 1123 2041 Antoni,
1150 1991 1271 2039 diem,
1297 2006 1379 2047 quo
1402 1992 1656 2035 dictaturam

51 2056 274 2099 sustulisti.
336 2055 453 2096 Pone
474 2060 574 2096 ante
596 2055 740 2097 oculos
760 2055 964 2097 laetitiam
986 2060 1159 2097 senatus
1190 2057 1414 2112 populique
1447 2058 1651 2107 Romani3

51 2122 194 2165 confer
216 2136 312 2162 cum
332 2120 411 2161 hac
433 2120 735 2161 nundinatione
757 2125 832 2161 tua
852 2126 1130 2176 tuorumque;
1165 2127 1256 2163 tum
1284 2122 1493 2177 intelliges
1528 2139 1656 2178 quan-

51 2194 143 2230 tum
177 2187 288 2228 inter
322 2186 488 2227 laudem
522 2189 566 2226 et
602 2185 764 2226 lucrum
799 2186 982 2228 intersit.
1046 2186 1130 2226 Sed
1166 2187 1373 2237 nimirum,
1408 2193 1455 2229 ut
1488 2189 1656 2243 quidam

50 2253 197 2295 morbo
229 2252 367 2307 aliquo
389 2256 434 2293 et
454 2265 602 2292 sensus
630 2255 805 2305 stupore
840 2251 1093 2292 suavitatem
1129 2251 1210 2292 cibi
1244 2266 1328 2293 11011
1361 2253 1562 2305 sentiunt,
1594 2255 1655 2296 sic

97 2362 228 2392 minime
244 2361 359 2400 avara]
401 2360 522 2391 Fulvia.
562 2360 626 2390 She
640 2370 703 2390 was
718 2360 833 2400 greedy
878 2360 935 2390 left
962 2360 1017 2390 the
1048 2359 1130 2399 ship.
1175 2360 1244 2390 The
1275 2363 1360 2390 most
1391 2360 1485 2391 noble
1517 2361 1655 2392 ‘adoles-

54 2404 92 2435 of
103 2415 236 2444 money3
260 2404 322 2434 and
339 2404 448 2434 Cicero
465 2414 537 2443 may
554 2413 646 2433 mean
662 2403 725 2433 this
736 2403 833 2433 iroui-
879 2407 984 2433 centes
997 2402 1004 2415 '
1036 2413 1088 2432 are
1114 2403 1244 2439 Brutus,
1276 2403 1413 2440 Cassius,
1444 2404 1507 2434 and
1537 2405 1654 2435 others.

54 2448 144 2487 cally.
192 2447 256 2477 But
279 2446 328 2477 his
351 2447 451 2476 direct
467 2447 615 2485 meaning
638 2447 664 2476 is
685 2447 755 2476 that
778 2446 834 2475 she
879 2445 927 2476 M.
956 2445 1073 2475 Brutus
1100 2456 1162 2476 was
1193 2456 1280 2477 more
1311 2447 1387 2477 than
1418 2451 1536 2488 twenty
1566 2459 1655 2488 years

53 2490 80 2521 is
96 2493 153 2520 not
169 2490 282 2529 greedy
299 2489 396 2519 about
419 2489 554 2529 keeping
577 2490 633 2519 her
649 2487 811 2519 husbands
828 2500 834 2523 ;
878 2498 1020 2528 younger
1035 2489 1112 2519 than
1129 2489 1250 2520 Cicero.

56 2533 112 2563 she
129 2533 215 2572 gives
231 2533 317 2562 them
334 2531 443 2571 freely.
490 2532 555 2561 But
571 2531 627 2561 she
643 2532 668 2561 is
685 2535 738 2561 too
762 2531 836 2569 long
922 2532 971 2561 Hi
991 2532 1152 2572 primum]
1201 2533 1240 2568 V,
1253 2543 1282 2572 g,
1309 2532 1417 2563 Halm.
1474 2533 1542 2565 The
1564 2534 1656 2565 other

55 2576 88 2605 111
104 2575 233 2614 making
248 2575 304 2604 her
326 2574 411 2604 third
437 2578 597 2613 paymeut,
613 2574 714 2603 which
731 2573 834 2603 would
878 2575 1008 2614 reading
1023 2575 1049 2605 is
1066 2578 1073 2591 ‘
1090 2575 1133 2605 Hi
1157 2576 1326 2615 primi.’——‘
1339 2577 1462 2607 mortali
1476 2577 1495 2606 :’
1520 2578 1654 2607 omitted

56 2618 96 2648 be
111 2618 165 2648 the
181 2618 274 2647 death
299 2617 334 2646 of
353 2617 520 2647 Antonius.
568 2617 632 2646 But
658 2617 714 2646 she
740 2626 835 2646 never
879 2617 920 2657 by
939 2618 979 2647 D.
1027 2617 1091 2648 But
1107 2618 1162 2648 the
1178 2619 1329 2649 omission
1345 2620 1488 2660 destroys
1503 2621 1557 2651 the
1573 2622 1653 2651 auti-

56 2661 149 2691 made
177 2660 242 2690 this
273 2663 433 2700 payment.
498 2660 658 2689 Antonius
689 2659 832 2690 survived
877 2661 976 2691 thesis
992 2661 1093 2691 which
1111 2662 1137 2691 is
1154 2662 1313 2692 intended.

56 2704 123 2734 her.
171 2703 267 2733 Halm
290 2712 451 2742 compares
477 2702 597 2737 Cicero,
615 2702 704 2731 Verr.
722 2702 794 2732 Act.
811 2702 831 2732 i.
921 2706 973 2734 45.
998 2704 1212 2744 dictaturam]
1275 2706 1333 2735 See
1365 2706 1444 2735 Phil.
1473 2706 1494 2736 i.
1521 2717 1548 2736 0.
1580 2708 1654 2736 2.—

57 2757 83 2777 c.
97 2748 133 2783 7:
165 2750 185 2763 “
199 2756 292 2786 quem
314 2755 372 2784 ego
389 2745 548 2774 hominem
573 2745 700 2774 honoris
727 2746 832 2784 potius
876 2750 929 2768 —‘
944 2756 1015 2777 cum
1037 2747 1095 2777 hac
1110 2747 1372 2779 nundinatione?
1398 2753 1488 2779 ‘cuin
1515 2749 1574 2779 hac
1596 2750 1654 2778 1111-

57 2799 151 2830 quam
169 2789 376 2820 contumeliae
393 2797 501 2818 caussa
518 2788 716 2818 nominatum
727 2788 832 2818 volo.'’
878 2790 962 2819 mani
979 2790 1207 2821 nundinatione
1221 2791 1228 2804 ’
1249 2793 1288 2821 Α.
1312 2792 1519 2831 Augustinus,
1547 2792 1653 2821 Halm.

101 2842 178 2872 quos
206 2832 426 2871 yuberuacula
450 2854 457 2860 .
476 2853 483 2860 .
502 2853 509 2860 .
535 2832 589 2870 qui
622 2831 829 2871 ubicumque]
876 2832 945 2863 The
968 2833 1096 2872 reading
1121 2838 1208 2864 ‘cum
1232 2835 1474 2870 nummatione‚’
1501 2834 1601 2863 which
1629 2834 1655 2863 is

57 2875 127 2906 The
140 2875 331 2911 Liberators,
345 2874 406 2904 and
423 2874 471 2904 M.
488 2873 604 2904 Brutus
620 2873 682 2903 and
695 2874 832 2911 Cassius,
876 2875 909 2905 in
932 2886 1020 2906 some
1041 2877 1186 2913 editions,
1204 2877 1260 2907 has
1286 2887 1327 2907 no
1354 2878 1510 2917 meaning,
1528 2876 1650 2915 though

58 2918 112 2949 the
127 2918 208 2949 head
224 2918 260 2948 of
271 2918 370 2949 them.
416 2916 482 2947 But
497 2916 552 2946 the
572 2916 747 2948 helmsmen
771 2917 832 2948 had
878 2918 1042 2950 Manutius
1058 2920 1138 2950 tried
1154 2923 1187 2951 to
1203 2920 1326 2961 explain
1343 2921 1377 2951 it.
