<?xml version="1.0" encoding="UTF-8"?>
<!DOCTYPE html PUBLIC "-//W3C//DTD XHTML 1.0 Transitional//EN"
    "http://www.w3.org/TR/xhtml1/DTD/xhtml1-transitional.dtd">
<html xmlns="http://www.w3.org/1999/xhtml" xml:lang="en" lang="en">
 <head>
  <title>
</title>
<meta http-equiv="Content-Type" content="text/html;charset=utf-8" />
  <meta name='ocr-system' content='tesseract 3.04.00' />
  <meta name='ocr-capabilities' content='ocr_page ocr_carea ocr_par ocr_line ocrx_word'/>
</head>
<body>
  <div class='ocr_page' id='page_1' title='image "./orationeswithcom04ciceuoft/orationeswithcom04ciceuoft_0205.png"; bbox 0 0 1816 3211; ppageno 0'>
   <div class='ocr_carea' id='block_1_1' title="bbox 682 158 1651 201">
    <p class='ocr_par' dir='ltr' id='par_1_1' title="bbox 682 158 1651 201">
     <span class='ocr_line' id='line_1_1' title="bbox 682 158 1651 201; baseline 0.001 -1"><span class='ocrx_word' id='word_1_1' title='bbox 682 158 816 201; x_wconf 84' lang='lat' dir='ltr'>OAP.</span> <span class='ocrx_word' id='word_1_2' title='bbox 852 160 1031 200; x_wconf 77' lang='lat'>19-21,</span> <span class='ocrx_word' id='word_1_3' title='bbox 1570 161 1651 201; x_wconf 78' lang='lat'>183</span> 
     </span>
    </p>
   </div>
   <div class='ocr_carea' id='block_1_2' title="bbox 42 271 1654 2017">
    <p class='ocr_par' dir='ltr' id='par_1_2' title="bbox 42 271 1654 2017">
     <span class='ocr_line' id='line_1_2' title="bbox 56 271 1650 326; baseline -0.003 -10"><span class='ocrx_word' id='word_1_4' title='bbox 56 275 212 316; x_wconf 84' lang='lat' dir='ltr'>vellem.</span> <span class='ocrx_word' id='word_1_5' title='bbox 326 273 437 313; x_wconf 88' lang='lat' dir='ltr'>Nam</span> <span class='ocrx_word' id='word_1_6' title='bbox 494 278 543 315; x_wconf 90' lang='lat' dir='ltr'>ut</span> <span class='ocrx_word' id='word_1_7' title='bbox 596 272 852 314; x_wconf 87' lang='lat' dir='ltr'>amitteretis</span> <span class='ocrx_word' id='word_1_8' title='bbox 911 271 1144 313; x_wconf 86' lang='lat' dir='ltr'>exercitum</span> <span class='ocrx_word' id='word_1_9' title='bbox 1196 285 1424 326; x_wconf 86' lang='lat' dir='ltr'>numquam</span> <span class='ocrx_word' id='word_1_10' title='bbox 1484 271 1650 312; x_wconf 84' lang='lat' dir='ltr'>hercule</span> 
     </span>
     <span class='ocr_line' id='line_1_3' title="bbox 56 336 1652 396; baseline -0.003 -16"><span class='ocrx_word' id='word_1_11' title='bbox 56 339 210 396; x_wconf 88' lang='lat' dir='ltr'>optavi.</span> <span class='ocrx_word' id='word_1_12' title='bbox 274 339 383 379; x_wconf 91' lang='lat' dir='ltr'>Illud</span> <span class='ocrx_word' id='word_1_13' title='bbox 405 339 532 380; x_wconf 86' lang='lat' dir='ltr'>etiam</span> <span class='ocrx_word' id='word_1_14' title='bbox 553 339 705 380; x_wconf 87' lang='lat' dir='ltr'>accidit</span> <span class='ocrx_word' id='word_1_15' title='bbox 734 342 900 393; x_wconf 86' lang='lat' dir='ltr'>praeter</span> <span class='ocrx_word' id='word_1_16' title='bbox 931 342 1126 392; x_wconf 86' lang='lat' dir='ltr'>optatum</span> <span class='ocrx_word' id='word_1_17' title='bbox 1157 351 1320 383; x_wconf 86' lang='lat' dir='ltr'>meum;</span> <span class='ocrx_word' id='word_1_18' title='bbox 1355 336 1430 376; x_wconf 91' lang='lat' dir='ltr'>sed</span> <span class='ocrx_word' id='word_1_19' title='bbox 1450 336 1569 376; x_wconf 88' lang='lat' dir='ltr'>valde</span> <span class='ocrx_word' id='word_1_20' title='bbox 1600 351 1652 376; x_wconf 83' lang='lat' dir='ltr'>ex</span> 
     </span>
     <span class='ocr_line' id='line_1_4' title="bbox 55 400 1652 458; baseline -0.004 -13"><span class='ocrx_word' id='word_1_21' title='bbox 55 405 282 446; x_wconf 85' lang='lat' dir='ltr'>voluntate.</span> <span class='ocrx_word' id='word_1_22' title='bbox 349 404 458 444; x_wconf 83' lang='lat' dir='ltr'>Mihi</span> <span class='ocrx_word' id='word_1_23' title='bbox 491 404 601 445; x_wconf 76' lang='lat' dir='ltr'>enirn</span> <span class='ocrx_word' id='word_1_24' title='bbox 635 418 863 458; x_wconf 84' lang='lat' dir='ltr'>numquam</span> <span class='ocrx_word' id='word_1_25' title='bbox 896 402 1059 443; x_wconf 91' lang='lat' dir='ltr'>veniret</span> <span class='ocrx_word' id='word_1_26' title='bbox 1091 402 1133 442; x_wconf 90' lang='lat' dir='ltr'>in</span> <span class='ocrx_word' id='word_1_27' title='bbox 1167 406 1352 442; x_wconf 81' lang='lat' dir='ltr'>mentem</span> <span class='ocrx_word' id='word_1_28' title='bbox 1391 400 1575 440; x_wconf 87' lang='lat' dir='ltr'>furorem</span> <span class='ocrx_word' id='word_1_29' title='bbox 1610 406 1652 440; x_wconf 83' lang='lat' dir='ltr'>et</span> 
     </span>
     <span class='ocr_line' id='line_1_5' title="bbox 55 465 1651 523; baseline -0.004 -13"><span class='ocrx_word' id='word_1_30' title='bbox 55 470 260 510; x_wconf 82' lang='lat' dir='ltr'>insaniam</span> <span class='ocrx_word' id='word_1_31' title='bbox 291 474 438 523; x_wconf 89' lang='lat' dir='ltr'>optare</span> <span class='ocrx_word' id='word_1_32' title='bbox 470 469 588 510; x_wconf 87' lang='lat' dir='ltr'>vobis</span> <span class='ocrx_word' id='word_1_33' title='bbox 621 468 662 508; x_wconf 94' lang='lat' dir='ltr'>in</span> <span class='ocrx_word' id='word_1_34' title='bbox 695 483 820 523; x_wconf 86' lang='lat' dir='ltr'>quam</span> <span class='ocrx_word' id='word_1_35' title='bbox 850 467 1070 509; x_wconf 77' lang='lat' dir='ltr'>incidistis.</span> <span class='ocrx_word' id='word_1_36' title='bbox 1132 466 1267 521; x_wconf 83' lang='lat' dir='ltr'>Atqui</span> <span class='ocrx_word' id='word_1_37' title='bbox 1298 465 1377 505; x_wconf 88' lang='lat' dir='ltr'>fuit</span> <span class='ocrx_word' id='word_1_38' title='bbox 1407 466 1651 520; x_wconf 84' lang='lat' dir='ltr'>optandum.</span> 
     </span>
     <span class='ocr_line' id='line_1_6' title="bbox 58 530 1652 589; baseline -0.003 -15"><span class='ocrx_word' id='word_1_39' title='bbox 58 535 133 575; x_wconf 88' lang='lat' dir='ltr'>Me</span> <span class='ocrx_word' id='word_1_40' title='bbox 154 541 296 576; x_wconf 83' lang='lat' dir='ltr'>tamen</span> <span class='ocrx_word' id='word_1_41' title='bbox 317 535 484 589; x_wconf 81' lang='lat' dir='ltr'>fugerat</span> <span class='ocrx_word' id='word_1_42' title='bbox 505 535 675 575; x_wconf 92' lang='lat' dir='ltr'>deorum</span> <span class='ocrx_word' id='word_1_43' title='bbox 697 533 994 574; x_wconf 84' lang='lat' dir='ltr'>immortalium</span> <span class='ocrx_word' id='word_1_44' title='bbox 1015 533 1090 573; x_wconf 84' lang='lat' dir='ltr'>has</span> <span class='ocrx_word' id='word_1_45' title='bbox 1111 546 1203 572; x_wconf 87' lang='lat' dir='ltr'>esse</span> <span class='ocrx_word' id='word_1_46' title='bbox 1234 531 1277 571; x_wconf 95' lang='lat' dir='ltr'>in</span> <span class='ocrx_word' id='word_1_47' title='bbox 1306 530 1454 585; x_wconf 88' lang='lat' dir='ltr'>impios</span> <span class='ocrx_word' id='word_1_48' title='bbox 1485 536 1528 571; x_wconf 88' lang='lat' dir='ltr'>et</span> <span class='ocrx_word' id='word_1_49' title='bbox 1557 545 1652 571; x_wconf 92' lang='lat' dir='ltr'>con-</span> 
     </span>
     <span class='ocr_line' id='line_1_7' title="bbox 54 595 1651 654; baseline -0.003 -14"><span class='ocrx_word' id='word_1_50' title='bbox 54 600 282 641; x_wconf 84' lang='lat' dir='ltr'>sceleratos</span> <span class='ocrx_word' id='word_1_51' title='bbox 303 614 461 654; x_wconf 85' lang='lat' dir='ltr'>poenas</span> <span class='ocrx_word' id='word_1_52' title='bbox 483 599 738 640; x_wconf 86' lang='lat' dir='ltr'>certissimas</span> <span class='ocrx_word' id='word_1_53' title='bbox 769 598 1036 639; x_wconf 87' lang='lat' dir='ltr'>constitutas.</span> <span class='ocrx_word' id='word_1_54' title='bbox 1102 596 1244 638; x_wconf 83' lang='lat' dir='ltr'>Nolite</span> <span class='ocrx_word' id='word_1_55' title='bbox 1266 595 1376 637; x_wconf 88' lang='lat' dir='ltr'>enim</span> <span class='ocrx_word' id='word_1_56' title='bbox 1397 595 1457 636; x_wconf 88' lang='lat' dir='ltr'>ita</span> <span class='ocrx_word' id='word_1_57' title='bbox 1488 600 1651 650; x_wconf 85' lang='lat' dir='ltr'>putare,</span> 
     </span>
     <span class='ocr_line' id='line_1_8' title="bbox 54 659 1652 720; baseline -0.004 -14"><span class='ocrx_word' id='word_1_58' title='bbox 54 670 199 720; x_wconf 86' lang='lat' dir='ltr'>patres</span> <span class='ocrx_word' id='word_1_59' title='bbox 235 664 476 719; x_wconf 74' lang='lat' dir='ltr'>conscripti,</span> <span class='ocrx_word' id='word_1_60' title='bbox 515 669 564 705; x_wconf 88' lang='lat' dir='ltr'>ut</span> <span class='ocrx_word' id='word_1_61' title='bbox 592 664 634 704; x_wconf 92' lang='lat' dir='ltr'>in</span> <span class='ocrx_word' id='word_1_62' title='bbox 667 679 793 704; x_wconf 85' lang='lat' dir='ltr'>scena</span> <span class='ocrx_word' id='word_1_63' title='bbox 822 662 986 711; x_wconf 88' lang='lat' dir='ltr'>videtis,</span> <span class='ocrx_word' id='word_1_64' title='bbox 1021 662 1210 702; x_wconf 90' lang='lat' dir='ltr'>homines</span> <span class='ocrx_word' id='word_1_65' title='bbox 1242 661 1548 702; x_wconf 85' lang='lat' dir='ltr'>consceleratos</span> <span class='ocrx_word' id='word_1_66' title='bbox 1579 659 1652 699; x_wconf 88' lang='lat' dir='ltr'>im·</span> 
     </span>
     <span class='ocr_line' id='line_1_9' title="bbox 53 726 1653 784; baseline -0.003 -15"><span class='ocrx_word' id='word_1_67' title='bbox 53 730 175 784; x_wconf 91' lang='lat' dir='ltr'>pulsu</span> <span class='ocrx_word' id='word_1_68' title='bbox 209 729 381 770; x_wconf 88' lang='lat' dir='ltr'>deorum</span> <span class='ocrx_word' id='word_1_69' title='bbox 414 729 562 770; x_wconf 86' lang='lat' dir='ltr'>terreri</span> <span class='ocrx_word' id='word_1_70' title='bbox 592 729 816 769; x_wconf 85' lang='lat' dir='ltr'>Furiarum</span> <span class='ocrx_word' id='word_1_71' title='bbox 844 727 982 769; x_wconf 88' lang='lat' dir='ltr'>taedis</span> <span class='ocrx_word' id='word_1_72' title='bbox 1013 727 1272 767; x_wconf 86' lang='lat' dir='ltr'>ardentibus.</span> <span class='ocrx_word' id='word_1_73' title='bbox 1335 726 1420 766; x_wconf 84' lang='lat' dir='ltr'>Sua</span> <span class='ocrx_word' id='word_1_74' title='bbox 1447 740 1653 780; x_wconf 84' lang='lat' dir='ltr'>quemque</span> 
     </span>
     <span class='ocr_line' id='line_1_10' title="bbox 53 791 1652 845; baseline -0.003 -10"><span class='ocrx_word' id='word_1_75' title='bbox 53 795 181 843; x_wconf 84' lang='lat' dir='ltr'>fraus,</span> <span class='ocrx_word' id='word_1_76' title='bbox 204 809 322 835; x_wconf 88' lang='lat' dir='ltr'>suum</span> <span class='ocrx_word' id='word_1_77' title='bbox 344 794 518 845; x_wconf 85' lang='lat' dir='ltr'>facinus,</span> <span class='ocrx_word' id='word_1_78' title='bbox 543 809 662 835; x_wconf 90' lang='lat' dir='ltr'>suum</span> <span class='ocrx_word' id='word_1_79' title='bbox 684 794 830 843; x_wconf 88' lang='lat' dir='ltr'>scelus,</span> <span class='ocrx_word' id='word_1_80' title='bbox 854 807 930 833; x_wconf 88' lang='lat' dir='ltr'>sua</span> <span class='ocrx_word' id='word_1_81' title='bbox 951 792 1124 833; x_wconf 86' lang='lat' dir='ltr'>audacia</span> <span class='ocrx_word' id='word_1_82' title='bbox 1155 792 1205 832; x_wconf 87' lang='lat' dir='ltr'>de</span> <span class='ocrx_word' id='word_1_83' title='bbox 1237 791 1418 832; x_wconf 87' lang='lat' dir='ltr'>sanitate</span> <span class='ocrx_word' id='word_1_84' title='bbox 1440 806 1489 831; x_wconf 90' lang='lat' dir='ltr'>ac</span> <span class='ocrx_word' id='word_1_85' title='bbox 1511 796 1652 830; x_wconf 87' lang='lat' dir='ltr'>mente</span> 
     </span>
     <span class='ocr_line' id='line_1_11' title="bbox 55 855 1652 914; baseline -0.004 -14"><span class='ocrx_word' id='word_1_86' title='bbox 55 860 267 900; x_wconf 87' lang='lat' dir='ltr'>deturbat.</span> <span class='ocrx_word' id='word_1_87' title='bbox 329 859 425 900; x_wconf 89' lang='lat' dir='ltr'>Hae</span> <span class='ocrx_word' id='word_1_88' title='bbox 462 864 560 900; x_wconf 90' lang='lat' dir='ltr'>sunt</span> <span class='ocrx_word' id='word_1_89' title='bbox 599 858 819 914; x_wconf 88' lang='lat' dir='ltr'>impiorum</span> <span class='ocrx_word' id='word_1_90' title='bbox 858 857 1002 907; x_wconf 85' lang='lat' dir='ltr'>furiae,</span> <span class='ocrx_word' id='word_1_91' title='bbox 1045 857 1124 897; x_wconf 88' lang='lat' dir='ltr'>hae</span> <span class='ocrx_word' id='word_1_92' title='bbox 1164 856 1370 905; x_wconf 87' lang='lat' dir='ltr'>fiammae,</span> <span class='ocrx_word' id='word_1_93' title='bbox 1413 856 1490 895; x_wconf 86' lang='lat' dir='ltr'>hae</span> <span class='ocrx_word' id='word_1_94' title='bbox 1525 855 1652 895; x_wconf 86' lang='lat' dir='ltr'>faces.</span> 
     </span>
     <span class='ocr_line' id='line_1_12' title="bbox 56 923 1653 979; baseline -0.004 -14"><span class='ocrx_word' id='word_1_95' title='bbox 56 923 149 979; x_wconf 84' lang='lat' dir='ltr'>Ego</span> <span class='ocrx_word' id='word_1_96' title='bbox 190 929 233 965; x_wconf 89' lang='lat' dir='ltr'>te</span> <span class='ocrx_word' id='word_1_97' title='bbox 267 939 349 965; x_wconf 90' lang='lat' dir='ltr'>non</span> <span class='ocrx_word' id='word_1_98' title='bbox 389 925 621 974; x_wconf 82' lang='lat' dir='ltr'>vecordem,</span> <span class='ocrx_word' id='word_1_99' title='bbox 657 938 740 964; x_wconf 92' lang='lat' dir='ltr'>non</span> <span class='ocrx_word' id='word_1_100' title='bbox 780 923 995 971; x_wconf 86' lang='lat' dir='ltr'>furiosum,</span> <span class='ocrx_word' id='word_1_101' title='bbox 1038 937 1122 962; x_wconf 92' lang='lat' dir='ltr'>non</span> <span class='ocrx_word' id='word_1_102' title='bbox 1162 926 1303 962; x_wconf 90' lang='lat' dir='ltr'>mente</span> <span class='ocrx_word' id='word_1_103' title='bbox 1344 925 1528 975; x_wconf 87' lang='lat' dir='ltr'>captum,</span> <span class='ocrx_word' id='word_1_104' title='bbox 1570 934 1653 960; x_wconf 90' lang='lat' dir='ltr'>nou</span> 
     </span>
     <span class='ocr_line' id='line_1_13' title="bbox 52 984 1653 1043; baseline -0.003 -14"><span class='ocrx_word' id='word_1_105' title='bbox 52 989 214 1043; x_wconf 81' lang='lat' dir='ltr'>tragico</span> <span class='ocrx_word' id='word_1_106' title='bbox 249 989 318 1029; x_wconf 95' lang='lat' dir='ltr'>illo</span> <span class='ocrx_word' id='word_1_107' title='bbox 357 988 508 1030; x_wconf 83' lang='lat' dir='ltr'>Oreste</span> <span class='ocrx_word' id='word_1_108' title='bbox 535 994 610 1029; x_wconf 86' lang='lat' dir='ltr'>aut</span> <span class='ocrx_word' id='word_1_109' title='bbox 645 988 906 1029; x_wconf 79' lang='lat' dir='ltr'>Athamante</span> <span class='ocrx_word' id='word_1_110' title='bbox 943 986 1247 1028; x_wconf 88' lang='lat' dir='ltr'>dementiorem</span> <span class='ocrx_word' id='word_1_111' title='bbox 1286 991 1442 1040; x_wconf 89' lang='lat' dir='ltr'>putem,</span> <span class='ocrx_word' id='word_1_112' title='bbox 1486 984 1556 1040; x_wconf 90' lang='lat' dir='ltr'>qui</span> <span class='ocrx_word' id='word_1_113' title='bbox 1596 984 1653 1025; x_wconf 90' lang='lat' dir='ltr'>sis</span> 
     </span>
     <span class='ocr_line' id='line_1_14' title="bbox 42 1050 1651 1108; baseline -0.002 -14"><span class='ocrx_word' id='word_1_114' title='bbox 42 1054 180 1094; x_wconf 70' lang='lat' dir='ltr'>‘ausus</span> <span class='ocrx_word' id='word_1_115' title='bbox 215 1053 394 1108; x_wconf 89' lang='lat' dir='ltr'>primum</span> <span class='ocrx_word' id='word_1_116' title='bbox 433 1053 745 1103; x_wconf 83' lang='lat' dir='ltr'>facere,—nam</span> <span class='ocrx_word' id='word_1_117' title='bbox 789 1053 831 1093; x_wconf 92' lang='lat' dir='ltr'>id</span> <span class='ocrx_word' id='word_1_118' title='bbox 871 1058 937 1094; x_wconf 92' lang='lat' dir='ltr'>est</span> <span class='ocrx_word' id='word_1_119' title='bbox 978 1050 1333 1107; x_wconf 88' lang='lat' dir='ltr'>eaput,—deinde</span> <span class='ocrx_word' id='word_1_120' title='bbox 1374 1050 1513 1106; x_wconf 89' lang='lat' dir='ltr'>paullo</span> <span class='ocrx_word' id='word_1_121' title='bbox 1554 1055 1651 1090; x_wconf 86' lang='lat' dir='ltr'>ante</span> 
     </span>
     <span class='ocr_line' id='line_1_15' title="bbox 54 1115 1653 1173; baseline -0.002 -15"><span class='ocrx_word' id='word_1_122' title='bbox 54 1118 281 1173; x_wconf 81' lang='lat' dir='ltr'>Torquato,</span> <span class='ocrx_word' id='word_1_123' title='bbox 319 1119 566 1173; x_wconf 84' lang='lat' dir='ltr'>gravissimo</span> <span class='ocrx_word' id='word_1_124' title='bbox 608 1124 651 1159; x_wconf 92' lang='lat' dir='ltr'>et</span> <span class='ocrx_word' id='word_1_125' title='bbox 686 1117 950 1159; x_wconf 83' lang='lat' dir='ltr'>sanctissimo</span> <span class='ocrx_word' id='word_1_126' title='bbox 983 1117 1084 1167; x_wconf 88' lang='lat' dir='ltr'>viro,</span> <span class='ocrx_word' id='word_1_127' title='bbox 1123 1121 1351 1172; x_wconf 86' lang='lat' dir='ltr'>premente,</span> <span class='ocrx_word' id='word_1_128' title='bbox 1387 1115 1578 1156; x_wconf 87' lang='lat' dir='ltr'>confiteri</span> <span class='ocrx_word' id='word_1_129' title='bbox 1610 1121 1653 1155; x_wconf 84' lang='lat' dir='ltr'>te</span> 
     </span>
     <span class='ocr_line' id='line_1_16' title="bbox 52 1181 1653 1237; baseline -0.001 -15"><span class='ocrx_word' id='word_1_130' title='bbox 52 1183 306 1237; x_wconf 88' lang='lat' dir='ltr'>provinciam</span> <span class='ocrx_word' id='word_1_131' title='bbox 359 1183 667 1232; x_wconf 86' lang='lat' dir='ltr'>Macedoniam,</span> <span class='ocrx_word' id='word_1_132' title='bbox 710 1183 751 1223; x_wconf 92' lang='lat' dir='ltr'>in</span> <span class='ocrx_word' id='word_1_133' title='bbox 792 1197 916 1237; x_wconf 88' lang='lat' dir='ltr'>quam</span> <span class='ocrx_word' id='word_1_134' title='bbox 957 1187 1126 1223; x_wconf 89' lang='lat' dir='ltr'>tantum</span> <span class='ocrx_word' id='word_1_135' title='bbox 1167 1181 1399 1222; x_wconf 84' lang='lat' dir='ltr'>exercitum</span> <span class='ocrx_word' id='word_1_136' title='bbox 1438 1186 1653 1235; x_wconf 89' lang='lat' dir='ltr'>transpor-</span> 
     </span>
     <span class='ocr_line' id='line_1_17' title="bbox 53 1245 1653 1302; baseline -0.003 -13"><span class='ocrx_word' id='word_1_137' title='bbox 53 1253 201 1297; x_wconf 87' lang='lat' dir='ltr'>tasses,</span> <span class='ocrx_word' id='word_1_138' title='bbox 226 1248 314 1288; x_wconf 89' lang='lat' dir='ltr'>sine</span> <span class='ocrx_word' id='word_1_139' title='bbox 335 1247 417 1287; x_wconf 93' lang='lat' dir='ltr'>ullo</span> <span class='ocrx_word' id='word_1_140' title='bbox 439 1248 571 1288; x_wconf 89' lang='lat' dir='ltr'>milite</span> <span class='ocrx_word' id='word_1_141' title='bbox 592 1247 838 1302; x_wconf 65' lang='lat' dir='ltr'>reliquisse?</span> <span class='ocrx_word' id='word_1_142' title='bbox 900 1247 1031 1288; x_wconf 89' lang='lat' dir='ltr'>Mitto</span> <span class='ocrx_word' id='word_1_143' title='bbox 1061 1247 1112 1287; x_wconf 93' lang='lat' dir='ltr'>de</span> <span class='ocrx_word' id='word_1_144' title='bbox 1137 1246 1292 1286; x_wconf 85' lang='lat' dir='ltr'>amissa</span> <span class='ocrx_word' id='word_1_145' title='bbox 1321 1245 1504 1286; x_wconf 81' lang='lat' dir='ltr'>maxima</span> <span class='ocrx_word' id='word_1_146' title='bbox 1533 1250 1653 1300; x_wconf 87' lang='lat' dir='ltr'>parte</span> 
     </span>
     <span class='ocr_line' id='line_1_18' title="bbox 53 1311 1654 1354; baseline -0.001 -2"><span class='ocrx_word' id='word_1_147' title='bbox 53 1312 278 1353; x_wconf 88' lang='lat' dir='ltr'>exercitus.</span> <span class='ocrx_word' id='word_1_148' title='bbox 343 1312 409 1353; x_wconf 88' lang='lat' dir='ltr'>Sit</span> <span class='ocrx_word' id='word_1_149' title='bbox 444 1313 522 1353; x_wconf 88' lang='lat' dir='ltr'>hoe</span> <span class='ocrx_word' id='word_1_150' title='bbox 555 1313 812 1354; x_wconf 84' lang='lat' dir='ltr'>infelicitatis</span> <span class='ocrx_word' id='word_1_151' title='bbox 847 1317 960 1354; x_wconf 86' lang='lat' dir='ltr'>tuae.</span> <span class='ocrx_word' id='word_1_152' title='bbox 1024 1311 1279 1352; x_wconf 92' lang='lat' dir='ltr'>Dimittendi</span> <span class='ocrx_word' id='word_1_153' title='bbox 1314 1325 1412 1351; x_wconf 91' lang='lat' dir='ltr'>vero</span> <span class='ocrx_word' id='word_1_154' title='bbox 1444 1311 1654 1351; x_wconf 88' lang='lat' dir='ltr'>exereitus</span> 
     </span>
     <span class='ocr_line' id='line_1_19' title="bbox 54 1375 1650 1432; baseline -0.002 -15"><span class='ocrx_word' id='word_1_155' title='bbox 54 1392 178 1431; x_wconf 85' lang='lat' dir='ltr'>quam</span> <span class='ocrx_word' id='word_1_156' title='bbox 199 1383 322 1432; x_wconf 91' lang='lat' dir='ltr'>potes</span> <span class='ocrx_word' id='word_1_157' title='bbox 341 1378 488 1418; x_wconf 79' lang='lat' dir='ltr'>afferre</span> <span class='ocrx_word' id='word_1_158' title='bbox 511 1392 713 1426; x_wconf 85' lang='lat' dir='ltr'>caussam,</span> <span class='ocrx_word' id='word_1_159' title='bbox 734 1392 858 1432; x_wconf 89' lang='lat' dir='ltr'>quam</span> <span class='ocrx_word' id='word_1_160' title='bbox 880 1382 1138 1432; x_wconf 88' lang='lat' dir='ltr'>potestatem</span> <span class='ocrx_word' id='word_1_161' title='bbox 1150 1375 1343 1424; x_wconf 88' lang='lat' dir='ltr'>habuisti,</span> <span class='ocrx_word' id='word_1_162' title='bbox 1363 1390 1487 1430; x_wconf 88' lang='lat' dir='ltr'>quam</span> <span class='ocrx_word' id='word_1_163' title='bbox 1503 1375 1650 1429; x_wconf 84' lang='lat' dir='ltr'>legem,</span> 
     </span>
     <span class='ocr_line' id='line_1_20' title="bbox 54 1440 1653 1497; baseline -0.001 -15"><span class='ocrx_word' id='word_1_164' title='bbox 54 1442 163 1497; x_wconf 88' lang='lat' dir='ltr'>quod</span> <span class='ocrx_word' id='word_1_165' title='bbox 203 1442 628 1491; x_wconf 81' lang='lat' dir='ltr'>senatusconsultum,</span> <span class='ocrx_word' id='word_1_166' title='bbox 671 1443 783 1497; x_wconf 92' lang='lat' dir='ltr'>quod</span> <span class='ocrx_word' id='word_1_167' title='bbox 818 1442 901 1496; x_wconf 88' lang='lat' dir='ltr'>jus,</span> <span class='ocrx_word' id='word_1_168' title='bbox 952 1442 1062 1497; x_wconf 88' lang='lat' dir='ltr'>quod</span> <span class='ocrx_word' id='word_1_169' title='bbox 1113 1441 1376 1496; x_wconf 62' lang='lat' dir='ltr'>exemplum?</span> <span class='ocrx_word' id='word_1_170' title='bbox 1438 1440 1547 1492; x_wconf 78' lang='lat' dir='ltr'>Quid</span> <span class='ocrx_word' id='word_1_171' title='bbox 1588 1446 1653 1481; x_wconf 90' lang='lat' dir='ltr'>est</span> 
     </span>
     <span class='ocr_line' id='line_1_21' title="bbox 52 1505 1648 1562; baseline -0.001 -16"><span class='ocrx_word' id='word_1_172' title='bbox 52 1506 163 1546; x_wconf 88' lang='lat' dir='ltr'>aliud</span> <span class='ocrx_word' id='word_1_173' title='bbox 195 1506 331 1546; x_wconf 85' lang='lat' dir='ltr'>furere</span> <span class='ocrx_word' id='word_1_174' title='bbox 366 1506 445 1546; x_wconf 91' lang='lat' dir='ltr'>nisi</span> <span class='ocrx_word' id='word_1_175' title='bbox 479 1522 562 1547; x_wconf 91' lang='lat' dir='ltr'>non</span> <span class='ocrx_word' id='word_1_176' title='bbox 598 1521 851 1562; x_wconf 82' lang='lat' dir='ltr'>cognoscere</span> <span class='ocrx_word' id='word_1_177' title='bbox 879 1507 1081 1555; x_wconf 87' lang='lat' dir='ltr'>homines,</span> <span class='ocrx_word' id='word_1_178' title='bbox 1119 1521 1200 1547; x_wconf 92' lang='lat' dir='ltr'>non</span> <span class='ocrx_word' id='word_1_179' title='bbox 1237 1520 1490 1559; x_wconf 66' lang='lat' dir='ltr'>cognoscere</span> <span class='ocrx_word' id='word_1_180' title='bbox 1523 1505 1648 1560; x_wconf 84' lang='lat' dir='ltr'>leges,</span> 
     </span>
     <span class='ocr_line' id='line_1_22' title="bbox 51 1570 1646 1625; baseline 0.001 -14"><span class='ocrx_word' id='word_1_181' title='bbox 51 1586 134 1611; x_wconf 93' lang='lat' dir='ltr'>non</span> <span class='ocrx_word' id='word_1_182' title='bbox 164 1576 369 1620; x_wconf 83' lang='lat' dir='ltr'>senatum,</span> <span class='ocrx_word' id='word_1_183' title='bbox 408 1586 491 1612; x_wconf 90' lang='lat' dir='ltr'>non</span> <span class='ocrx_word' id='word_1_184' title='bbox 521 1571 763 1612; x_wconf 70' lang='lat' dir='ltr'>civitatem?</span> <span class='ocrx_word' id='word_1_185' title='bbox 824 1571 1057 1612; x_wconf 85' lang='lat' dir='ltr'>Cruentare</span> <span class='ocrx_word' id='word_1_186' title='bbox 1094 1585 1245 1625; x_wconf 91' lang='lat' dir='ltr'>corpus</span> <span class='ocrx_word' id='word_1_187' title='bbox 1277 1585 1398 1611; x_wconf 89' lang='lat' dir='ltr'>suum</span> <span class='ocrx_word' id='word_1_188' title='bbox 1433 1570 1519 1611; x_wconf 81' lang='lat' dir='ltr'>leve</span> <span class='ocrx_word' id='word_1_189' title='bbox 1555 1576 1646 1612; x_wconf 84' lang='lat' dir='ltr'>est:</span> 
     </span>
     <span class='ocr_line' id='line_1_23' title="bbox 51 1635 1651 1690; baseline -0.001 -14"><span class='ocrx_word' id='word_1_190' title='bbox 51 1636 186 1690; x_wconf 87' lang='lat' dir='ltr'>majOr</span> <span class='ocrx_word' id='word_1_191' title='bbox 206 1636 309 1676; x_wconf 90' lang='lat' dir='ltr'>haec</span> <span class='ocrx_word' id='word_1_192' title='bbox 341 1641 405 1677; x_wconf 90' lang='lat' dir='ltr'>est</span> <span class='ocrx_word' id='word_1_193' title='bbox 436 1636 558 1685; x_wconf 87' lang='lat' dir='ltr'>vitae,</span> <span class='ocrx_word' id='word_1_194' title='bbox 591 1637 738 1685; x_wconf 87' lang='lat' dir='ltr'>famae,</span> <span class='ocrx_word' id='word_1_195' title='bbox 776 1637 926 1677; x_wconf 87' lang='lat' dir='ltr'>salutis</span> <span class='ocrx_word' id='word_1_196' title='bbox 953 1651 1053 1677; x_wconf 86' lang='lat' dir='ltr'>suae</span> <span class='ocrx_word' id='word_1_197' title='bbox 1078 1636 1323 1677; x_wconf 84' lang='lat' dir='ltr'>vulneratio.</span> <span class='ocrx_word' id='word_1_198' title='bbox 1387 1635 1430 1675; x_wconf 86' lang='lat' dir='ltr'>Si</span> <span class='ocrx_word' id='word_1_199' title='bbox 1452 1635 1651 1676; x_wconf 83' lang='lat' dir='ltr'>familiam</span> 
     </span>
     <span class='ocr_line' id='line_1_24' title="bbox 50 1700 1641 1756; baseline 0 -16"><span class='ocrx_word' id='word_1_200' title='bbox 50 1705 168 1741; x_wconf 90' lang='lat' dir='ltr'>tuam</span> <span class='ocrx_word' id='word_1_201' title='bbox 190 1701 430 1750; x_wconf 84' lang='lat' dir='ltr'>dimisisses,</span> <span class='ocrx_word' id='word_1_202' title='bbox 451 1701 561 1756; x_wconf 89' lang='lat' dir='ltr'>quod</span> <span class='ocrx_word' id='word_1_203' title='bbox 578 1702 630 1742; x_wconf 87' lang='lat' dir='ltr'>ad</span> <span class='ocrx_word' id='word_1_204' title='bbox 644 1701 852 1742; x_wconf 90' lang='lat' dir='ltr'>neminem</span> <span class='ocrx_word' id='word_1_205' title='bbox 869 1701 947 1741; x_wconf 87' lang='lat' dir='ltr'>nisi</span> <span class='ocrx_word' id='word_1_206' title='bbox 960 1701 1013 1741; x_wconf 86' lang='lat' dir='ltr'>ad</span> <span class='ocrx_word' id='word_1_207' title='bbox 1034 1701 1170 1754; x_wconf 89' lang='lat' dir='ltr'>ipsum</span> <span class='ocrx_word' id='word_1_208' title='bbox 1191 1707 1234 1741; x_wconf 91' lang='lat' dir='ltr'>te</span> <span class='ocrx_word' id='word_1_209' title='bbox 1255 1700 1494 1755; x_wconf 83' lang='lat' dir='ltr'>pertineret,</span> <span class='ocrx_word' id='word_1_210' title='bbox 1518 1701 1641 1741; x_wconf 89' lang='lat' dir='ltr'>amici</span> 
     </span>
     <span class='ocr_line' id='line_1_25' title="bbox 49 1764 1650 1821; baseline 0 -15"><span class='ocrx_word' id='word_1_211' title='bbox 49 1772 93 1806; x_wconf 90' lang='lat' dir='ltr'>te</span> <span class='ocrx_word' id='word_1_212' title='bbox 110 1764 213 1820; x_wconf 87' lang='lat' dir='ltr'>[tui]</span> <span class='ocrx_word' id='word_1_213' title='bbox 239 1766 612 1820; x_wconf 81' lang='lat' dir='ltr'>constringendum</span> <span class='ocrx_word' id='word_1_214' title='bbox 634 1771 852 1821; x_wconf 85' lang='lat' dir='ltr'>putarent:</span> <span class='ocrx_word' id='word_1_215' title='bbox 879 1765 1133 1821; x_wconf 84' lang='lat' dir='ltr'>praesidium</span> <span class='ocrx_word' id='word_1_216' title='bbox 1148 1772 1195 1807; x_wconf 91' lang='lat' dir='ltr'>tu</span> <span class='ocrx_word' id='word_1_217' title='bbox 1208 1766 1268 1807; x_wconf 88' lang='lat' dir='ltr'>rei</span> <span class='ocrx_word' id='word_1_218' title='bbox 1290 1766 1491 1820; x_wconf 83' lang='lat' dir='ltr'>publicae,</span> <span class='ocrx_word' id='word_1_219' title='bbox 1511 1772 1650 1807; x_wconf 88' lang='lat' dir='ltr'>custo-</span> 
     </span>
     <span class='ocr_line' id='line_1_26' title="bbox 51 1830 1651 1886; baseline 0 -15"><span class='ocrx_word' id='word_1_220' title='bbox 51 1830 163 1871; x_wconf 87' lang='lat' dir='ltr'>diam</span> <span class='ocrx_word' id='word_1_221' title='bbox 179 1831 414 1885; x_wconf 86' lang='lat' dir='ltr'>provinciae</span> <span class='ocrx_word' id='word_1_222' title='bbox 431 1831 589 1885; x_wconf 84' lang='lat' dir='ltr'>injussu</span> <span class='ocrx_word' id='word_1_223' title='bbox 604 1831 745 1886; x_wconf 92' lang='lat' dir='ltr'>populi</span> <span class='ocrx_word' id='word_1_224' title='bbox 762 1831 940 1872; x_wconf 87' lang='lat' dir='ltr'>Romani</span> <span class='ocrx_word' id='word_1_225' title='bbox 962 1839 1217 1885; x_wconf 85' lang='lat' dir='ltr'>senatusque</span> <span class='ocrx_word' id='word_1_226' title='bbox 1235 1830 1473 1880; x_wconf 87' lang='lat' dir='ltr'>dimisisses,</span> <span class='ocrx_word' id='word_1_227' title='bbox 1498 1830 1531 1871; x_wconf 89' lang='lat' dir='ltr'>si</span> <span class='ocrx_word' id='word_1_228' title='bbox 1554 1837 1651 1872; x_wconf 86' lang='lat' dir='ltr'>tuac</span> 
     </span>
     <span class='ocr_line' id='line_1_27' title="bbox 51 1895 1650 1950; baseline 0 -15"><span class='ocrx_word' id='word_1_229' title='bbox 51 1896 204 1937; x_wconf 88' lang='lat' dir='ltr'>mentis</span> <span class='ocrx_word' id='word_1_230' title='bbox 234 1910 405 1950; x_wconf 85' lang='lat' dir='ltr'>compos</span> <span class='ocrx_word' id='word_1_231' title='bbox 435 1896 616 1937; x_wconf 68' lang='lat' dir='ltr'>fuisses?</span> <span class='ocrx_word' id='word_1_232' title='bbox 677 1896 817 1936; x_wconf 92' lang='lat' dir='ltr'>XXI.</span> <span class='ocrx_word' id='word_1_233' title='bbox 852 1896 964 1936; x_wconf 88' lang='lat' dir='ltr'>Ecce</span> <span class='ocrx_word' id='word_1_234' title='bbox 985 1895 1062 1936; x_wconf 87' lang='lat' dir='ltr'>tibi</span> <span class='ocrx_word' id='word_1_235' title='bbox 1084 1895 1190 1936; x_wconf 88' lang='lat' dir='ltr'>alter</span> <span class='ocrx_word' id='word_1_236' title='bbox 1212 1896 1341 1936; x_wconf 80' lang='lat' dir='ltr'>effusa</span> <span class='ocrx_word' id='word_1_237' title='bbox 1357 1896 1446 1949; x_wconf 87' lang='lat' dir='ltr'>jam</span> <span class='ocrx_word' id='word_1_238' title='bbox 1468 1896 1650 1936; x_wconf 73' lang='lat' dir='ltr'>maxima</span> 
     </span>
     <span class='ocr_line' id='line_1_28' title="bbox 51 1960 1649 2017; baseline 0 -16"><span class='ocrx_word' id='word_1_239' title='bbox 51 1961 219 2016; x_wconf 85' lang='lat' dir='ltr'>praeda,</span> <span class='ocrx_word' id='word_1_240' title='bbox 244 1975 368 2016; x_wconf 84' lang='lat' dir='ltr'>quarn</span> <span class='ocrx_word' id='word_1_241' title='bbox 397 1976 449 2002; x_wconf 82' lang='lat' dir='ltr'>ex</span> <span class='ocrx_word' id='word_1_242' title='bbox 476 1961 654 2003; x_wconf 88' lang='lat' dir='ltr'>fortunis</span> <span class='ocrx_word' id='word_1_243' title='bbox 686 1962 1011 2017; x_wconf 85' lang='lat' dir='ltr'>publicanorum,</span> <span class='ocrx_word' id='word_1_244' title='bbox 1041 1975 1166 2016; x_wconf 87' lang='lat' dir='ltr'>quam</span> <span class='ocrx_word' id='word_1_245' title='bbox 1188 1975 1240 2001; x_wconf 87' lang='lat' dir='ltr'>ex</span> <span class='ocrx_word' id='word_1_246' title='bbox 1260 1960 1374 2015; x_wconf 80' lang='lat' dir='ltr'>agris</span> <span class='ocrx_word' id='word_1_247' title='bbox 1395 1960 1649 2016; x_wconf 87' lang='lat' dir='ltr'>urbibusque</span> 
     </span>
    </p>
   </div>
   <div class='ocr_carea' id='block_1_3' title="bbox 47 2075 1650 2929">
    <p class='ocr_par' dir='ltr' id='par_1_3' title="bbox 51 2075 1650 2288">
     <span class='ocr_line' id='line_1_29' title="bbox 94 2075 1648 2116; baseline 0 -11"><span class='ocrx_word' id='word_1_248' title='bbox 94 2076 151 2106; x_wconf 90' lang='lat' dir='ltr'>Me</span> <span class='ocrx_word' id='word_1_249' title='bbox 181 2078 285 2106; x_wconf 80' lang='lat' dir='ltr'>tamen</span> <span class='ocrx_word' id='word_1_250' title='bbox 304 2075 460 2116; x_wconf 59' lang='lat' dir='ltr'>sufferat]</span> <span class='ocrx_word' id='word_1_251' title='bbox 515 2077 605 2108; x_wconf 76' lang='lat' dir='ltr'>‘Nec</span> <span class='ocrx_word' id='word_1_252' title='bbox 631 2087 680 2107; x_wconf 87' lang='lat' dir='ltr'>me</span> <span class='ocrx_word' id='word_1_253' title='bbox 716 2079 822 2107; x_wconf 78' lang='lat' dir='ltr'>tamen</span> <span class='ocrx_word' id='word_1_254' title='bbox 866 2076 1003 2113; x_wconf 81' lang='lat' dir='ltr'>Thebes,</span> <span class='ocrx_word' id='word_1_255' title='bbox 1021 2086 1083 2106; x_wconf 85' lang='lat' dir='ltr'>was</span> <span class='ocrx_word' id='word_1_256' title='bbox 1099 2076 1207 2106; x_wconf 82' lang='lat' dir='ltr'>driven</span> <span class='ocrx_word' id='word_1_257' title='bbox 1224 2076 1295 2105; x_wconf 87' lang='lat' dir='ltr'>mad</span> <span class='ocrx_word' id='word_1_258' title='bbox 1315 2075 1356 2115; x_wconf 83' lang='lat' dir='ltr'>by</span> <span class='ocrx_word' id='word_1_259' title='bbox 1372 2076 1459 2106; x_wconf 92' lang='lat' dir='ltr'>Juno</span> <span class='ocrx_word' id='word_1_260' title='bbox 1475 2075 1535 2106; x_wconf 88' lang='lat' dir='ltr'>and</span> <span class='ocrx_word' id='word_1_261' title='bbox 1554 2076 1648 2106; x_wconf 83' lang='lat' dir='ltr'>killed</span> 
     </span>
     <span class='ocr_line' id='line_1_30' title="bbox 51 2118 1650 2158; baseline 0.001 -10"><span class='ocrx_word' id='word_1_262' title='bbox 51 2118 145 2157; x_wconf 90' lang='lat' dir='ltr'>conj.’</span> <span class='ocrx_word' id='word_1_263' title='bbox 186 2118 271 2149; x_wconf 85' lang='lat' dir='ltr'>Bake</span> <span class='ocrx_word' id='word_1_264' title='bbox 302 2118 451 2158; x_wconf 86' lang='lat' dir='ltr'>(Halm);</span> <span class='ocrx_word' id='word_1_265' title='bbox 488 2119 549 2149; x_wconf 86' lang='lat' dir='ltr'>and</span> <span class='ocrx_word' id='word_1_266' title='bbox 581 2120 606 2150; x_wconf 83' lang='lat' dir='ltr'>it</span> <span class='ocrx_word' id='word_1_267' title='bbox 631 2120 657 2149; x_wconf 90' lang='lat' dir='ltr'>is</span> <span class='ocrx_word' id='word_1_268' title='bbox 692 2130 711 2149; x_wconf 85' lang='lat' dir='ltr'>a</span> <span class='ocrx_word' id='word_1_269' title='bbox 742 2119 823 2157; x_wconf 83' lang='lat' dir='ltr'>good</span> <span class='ocrx_word' id='word_1_270' title='bbox 869 2120 917 2149; x_wconf 85' lang='lat' dir='ltr'>his</span> <span class='ocrx_word' id='word_1_271' title='bbox 944 2129 1015 2149; x_wconf 88' lang='lat' dir='ltr'>own</span> <span class='ocrx_word' id='word_1_272' title='bbox 1041 2119 1195 2149; x_wconf 84' lang='lat' dir='ltr'>children.</span> <span class='ocrx_word' id='word_1_273' title='bbox 1240 2119 1308 2148; x_wconf 88' lang='lat' dir='ltr'>The</span> <span class='ocrx_word' id='word_1_274' title='bbox 1335 2122 1421 2158; x_wconf 90' lang='lat' dir='ltr'>story</span> <span class='ocrx_word' id='word_1_275' title='bbox 1451 2119 1477 2148; x_wconf 88' lang='lat' dir='ltr'>is</span> <span class='ocrx_word' id='word_1_276' title='bbox 1507 2119 1539 2148; x_wconf 95' lang='lat' dir='ltr'>in</span> <span class='ocrx_word' id='word_1_277' title='bbox 1567 2119 1650 2149; x_wconf 78' lang='lat' dir='ltr'>Orid</span> 
     </span>
     <span class='ocr_line' id='line_1_31' title="bbox 51 2161 1219 2203; baseline 0 -12"><span class='ocrx_word' id='word_1_278' title='bbox 51 2161 295 2200; x_wconf 86' lang='lat' dir='ltr'>conjecture.—‘</span> <span class='ocrx_word' id='word_1_279' title='bbox 310 2162 498 2192; x_wconf 85' lang='lat' dir='ltr'>certissimas</span> <span class='ocrx_word' id='word_1_280' title='bbox 510 2161 518 2175; x_wconf 79' lang='lat'><em>&#39;</em></span> <span class='ocrx_word' id='word_1_281' title='bbox 543 2162 583 2192; x_wconf 95' lang='lat' dir='ltr'>V.</span> <span class='ocrx_word' id='word_1_282' title='bbox 615 2166 622 2180; x_wconf 73' lang='lat'><em>⁸</em></span> <span class='ocrx_word' id='word_1_283' title='bbox 636 2163 825 2193; x_wconf 83' lang='lat' dir='ltr'>certissimas</span> <span class='ocrx_word' id='word_1_284' title='bbox 871 2163 968 2203; x_wconf 89' lang='lat' dir='ltr'>(Met.</span> <span class='ocrx_word' id='word_1_285' title='bbox 984 2163 1025 2192; x_wconf 89' lang='lat' dir='ltr'>iv.</span> <span class='ocrx_word' id='word_1_286' title='bbox 1043 2164 1116 2198; x_wconf 80' lang='lat'>450,</span> <span class='ocrx_word' id='word_1_287' title='bbox 1134 2162 1219 2202; x_wconf 87' lang='lat' dir='ltr'>&amp;c.).</span> 
     </span>
     <span class='ocr_line' id='line_1_32' title="bbox 51 2203 1647 2245; baseline 0.001 -12"><span class='ocrx_word' id='word_1_288' title='bbox 51 2203 256 2234; x_wconf 83' lang='lat' dir='ltr'>constitutas&#39;</span> <span class='ocrx_word' id='word_1_289' title='bbox 292 2204 329 2234; x_wconf 94' lang='lat' dir='ltr'>C.</span> <span class='ocrx_word' id='word_1_290' title='bbox 391 2204 487 2234; x_wconf 84' lang='lat' dir='ltr'>Halm</span> <span class='ocrx_word' id='word_1_291' title='bbox 525 2205 619 2235; x_wconf 84' lang='lat' dir='ltr'>omits</span> <span class='ocrx_word' id='word_1_292' title='bbox 656 2206 827 2236; x_wconf 85' lang='lat' dir='ltr'>‘constitu-</span> <span class='ocrx_word' id='word_1_293' title='bbox 906 2206 1027 2244; x_wconf 76' lang='lat' dir='ltr'>sur-ere</span> <span class='ocrx_word' id='word_1_294' title='bbox 1042 2206 1105 2235; x_wconf 70' lang='lat' dir='ltr'>nisi</span> <span class='ocrx_word' id='word_1_295' title='bbox 1128 2205 1206 2245; x_wconf 82' lang='lat' dir='ltr'>non]</span> <span class='ocrx_word' id='word_1_296' title='bbox 1236 2205 1360 2235; x_wconf 86' lang='lat' dir='ltr'>‘furere</span> <span class='ocrx_word' id='word_1_297' title='bbox 1376 2214 1440 2234; x_wconf 92' lang='lat' dir='ltr'>non</span> <span class='ocrx_word' id='word_1_298' title='bbox 1455 2203 1462 2217; x_wconf 85' lang='lat'><em>&#39;</em></span> <span class='ocrx_word' id='word_1_299' title='bbox 1486 2204 1548 2234; x_wconf 85' lang='lat' dir='ltr'>and</span> <span class='ocrx_word' id='word_1_300' title='bbox 1577 2208 1584 2221; x_wconf 82' lang='lat'><strong>⁴</strong></span> <span class='ocrx_word' id='word_1_301' title='bbox 1599 2205 1647 2234; x_wconf 86' lang='lat' dir='ltr'>su-</span> 
     </span>
     <span class='ocr_line' id='line_1_33' title="bbox 51 2246 1648 2288; baseline 0.001 -12"><span class='ocrx_word' id='word_1_302' title='bbox 51 2246 122 2276; x_wconf 66' lang='lat' dir='ltr'>tas!</span> <span class='ocrx_word' id='word_1_303' title='bbox 872 2258 941 2278; x_wconf 86' lang='lat' dir='ltr'>rere</span> <span class='ocrx_word' id='word_1_304' title='bbox 965 2258 1058 2288; x_wconf 89' lang='lat' dir='ltr'>quarn</span> <span class='ocrx_word' id='word_1_305' title='bbox 1087 2248 1172 2278; x_wconf 83' lang='lat' dir='ltr'>non&#39;</span> <span class='ocrx_word' id='word_1_306' title='bbox 1211 2258 1264 2278; x_wconf 85' lang='lat' dir='ltr'>are</span> <span class='ocrx_word' id='word_1_307' title='bbox 1291 2248 1346 2278; x_wconf 88' lang='lat' dir='ltr'>the</span> <span class='ocrx_word' id='word_1_308' title='bbox 1372 2248 1463 2277; x_wconf 83' lang='lat' dir='ltr'>other</span> <span class='ocrx_word' id='word_1_309' title='bbox 1492 2247 1648 2287; x_wconf 67' lang='lat' dir='ltr'>readings.</span> 
     </span>
    </p>

    <p class='ocr_par' dir='ltr' id='par_1_4' title="bbox 47 2288 1647 2716">
     <span class='ocr_line' id='line_1_34' title="bbox 93 2288 1647 2331; baseline 0.003 -14"><span class='ocrx_word' id='word_1_310' title='bbox 93 2289 205 2326; x_wconf 73' lang='lat' dir='ltr'>scena]</span> <span class='ocrx_word' id='word_1_311' title='bbox 244 2288 385 2318; x_wconf 87' lang='lat' dir='ltr'>“Nolite</span> <span class='ocrx_word' id='word_1_312' title='bbox 408 2289 491 2319; x_wconf 91' lang='lat' dir='ltr'>enim</span> <span class='ocrx_word' id='word_1_313' title='bbox 522 2292 644 2329; x_wconf 82' lang='lat' dir='ltr'>putare,</span> <span class='ocrx_word' id='word_1_314' title='bbox 676 2291 827 2330; x_wconf 79' lang='lat' dir='ltr'>quemad·</span> <span class='ocrx_word' id='word_1_315' title='bbox 875 2291 970 2321; x_wconf 86' lang='lat' dir='ltr'>Halm</span> <span class='ocrx_word' id='word_1_316' title='bbox 999 2291 1103 2331; x_wconf 86' lang='lat' dir='ltr'>points</span> <span class='ocrx_word' id='word_1_317' title='bbox 1131 2295 1138 2308; x_wconf 79' lang='lat'>⁴</span> <span class='ocrx_word' id='word_1_318' title='bbox 1154 2291 1239 2324; x_wconf 80' lang='lat' dir='ltr'>Quid</span> <span class='ocrx_word' id='word_1_319' title='bbox 1255 2295 1304 2321; x_wconf 83' lang='lat' dir='ltr'>est</span> <span class='ocrx_word' id='word_1_320' title='bbox 1327 2291 1412 2320; x_wconf 84' lang='lat' dir='ltr'>aliud</span> <span class='ocrx_word' id='word_1_321' title='bbox 1431 2291 1558 2321; x_wconf 78' lang='lat' dir='ltr'>furere?</span> <span class='ocrx_word' id='word_1_322' title='bbox 1583 2302 1647 2321; x_wconf 86' lang='lat' dir='ltr'>non</span> 
     </span>
     <span class='ocr_line' id='line_1_35' title="bbox 52 2331 1647 2374; baseline 0.002 -14"><span class='ocrx_word' id='word_1_323' title='bbox 52 2331 178 2360; x_wconf 87' lang='lat' dir='ltr'>modum</span> <span class='ocrx_word' id='word_1_324' title='bbox 203 2331 235 2360; x_wconf 93' lang='lat' dir='ltr'>in</span> <span class='ocrx_word' id='word_1_325' title='bbox 258 2331 372 2362; x_wconf 80' lang='lat' dir='ltr'>fabulis</span> <span class='ocrx_word' id='word_1_326' title='bbox 395 2342 621 2371; x_wconf 82' lang='lat' dir='ltr'>saepenumero</span> <span class='ocrx_word' id='word_1_327' title='bbox 637 2334 759 2370; x_wconf 85' lang='lat' dir='ltr'>videtis,</span> <span class='ocrx_word' id='word_1_328' title='bbox 776 2344 829 2364; x_wconf 87' lang='lat' dir='ltr'>eos</span> <span class='ocrx_word' id='word_1_329' title='bbox 873 2344 1062 2374; x_wconf 86' lang='lat' dir='ltr'>cognoscere</span> <span class='ocrx_word' id='word_1_330' title='bbox 1086 2334 1253 2370; x_wconf 40' lang='lat' dir='ltr'>homine&amp;</span> <span class='ocrx_word' id='word_1_331' title='bbox 1283 2337 1340 2364; x_wconf 82' lang='lat' dir='ltr'>&amp;c.</span> <span class='ocrx_word' id='word_1_332' title='bbox 1387 2332 1492 2364; x_wconf 85' lang='lat' dir='ltr'>When</span> <span class='ocrx_word' id='word_1_333' title='bbox 1517 2334 1557 2364; x_wconf 92' lang='lat' dir='ltr'>he</span> <span class='ocrx_word' id='word_1_334' title='bbox 1577 2345 1647 2373; x_wconf 79' lang='lat' dir='ltr'>says</span> 
     </span>
     <span class='ocr_line' id='line_1_36' title="bbox 51 2373 1647 2416; baseline 0.003 -14"><span class='ocrx_word' id='word_1_335' title='bbox 51 2374 105 2413; x_wconf 84' lang='lat' dir='ltr'>qui</span> <span class='ocrx_word' id='word_1_336' title='bbox 121 2373 237 2412; x_wconf 81' lang='lat' dir='ltr'>aliquid</span> <span class='ocrx_word' id='word_1_337' title='bbox 261 2374 356 2413; x_wconf 84' lang='lat' dir='ltr'>impie</span> <span class='ocrx_word' id='word_1_338' title='bbox 371 2375 582 2415; x_wconf 86' lang='lat' dir='ltr'>scelerateque</span> <span class='ocrx_word' id='word_1_339' title='bbox 603 2377 827 2412; x_wconf 78' lang='lat' dir='ltr'>commiserint,</span> <span class='ocrx_word' id='word_1_340' title='bbox 875 2381 957 2407; x_wconf 83' lang='lat' dir='ltr'>‘non</span> <span class='ocrx_word' id='word_1_341' title='bbox 974 2387 1162 2416; x_wconf 79' lang='lat' dir='ltr'>cognoscere</span> <span class='ocrx_word' id='word_1_342' title='bbox 1178 2376 1284 2415; x_wconf 82' lang='lat' dir='ltr'>leges,&#39;</span> <span class='ocrx_word' id='word_1_343' title='bbox 1308 2377 1348 2409; x_wconf 89' lang='lat' dir='ltr'>he</span> <span class='ocrx_word' id='word_1_344' title='bbox 1372 2387 1480 2406; x_wconf 84' lang='lat' dir='ltr'>means</span> <span class='ocrx_word' id='word_1_345' title='bbox 1503 2378 1572 2407; x_wconf 82' lang='lat' dir='ltr'>that</span> <span class='ocrx_word' id='word_1_346' title='bbox 1593 2379 1647 2407; x_wconf 81' lang='lat' dir='ltr'>the</span> 
     </span>
     <span class='ocr_line' id='line_1_37' title="bbox 50 2416 1647 2459; baseline 0.003 -13"><span class='ocrx_word' id='word_1_347' title='bbox 50 2416 159 2454; x_wconf 80' lang='lat' dir='ltr'>agitari</span> <span class='ocrx_word' id='word_1_348' title='bbox 176 2420 208 2446; x_wconf 89' lang='lat' dir='ltr'>et</span> <span class='ocrx_word' id='word_1_349' title='bbox 233 2417 395 2454; x_wconf 80' lang='lat' dir='ltr'>perterreri</span> <span class='ocrx_word' id='word_1_350' title='bbox 414 2417 575 2448; x_wconf 82' lang='lat' dir='ltr'>Furiarum</span> <span class='ocrx_word' id='word_1_351' title='bbox 599 2419 698 2449; x_wconf 82' lang='lat' dir='ltr'>taedis</span> <span class='ocrx_word' id='word_1_352' title='bbox 713 2419 825 2450; x_wconf 87' lang='lat' dir='ltr'>arden-</span> <span class='ocrx_word' id='word_1_353' title='bbox 869 2420 1058 2459; x_wconf 84' lang='lat' dir='ltr'>disbanding</span> <span class='ocrx_word' id='word_1_354' title='bbox 1073 2420 1108 2450; x_wconf 92' lang='lat' dir='ltr'>of</span> <span class='ocrx_word' id='word_1_355' title='bbox 1123 2420 1222 2450; x_wconf 84' lang='lat' dir='ltr'>Piso&#39;s</span> <span class='ocrx_word' id='word_1_356' title='bbox 1237 2431 1324 2459; x_wconf 88' lang='lat' dir='ltr'>army</span> <span class='ocrx_word' id='word_1_357' title='bbox 1340 2430 1402 2449; x_wconf 81' lang='lat' dir='ltr'>was</span> <span class='ocrx_word' id='word_1_358' title='bbox 1418 2419 1570 2458; x_wconf 79' lang='lat' dir='ltr'>Majestas</span> <span class='ocrx_word' id='word_1_359' title='bbox 1586 2421 1647 2450; x_wconf 85' lang='lat' dir='ltr'>nnd</span> 
     </span>
     <span class='ocr_line' id='line_1_38' title="bbox 51 2458 1646 2503; baseline 0.004 -15"><span class='ocrx_word' id='word_1_360' title='bbox 51 2459 136 2489; x_wconf 89' lang='lat' dir='ltr'>tibus</span> <span class='ocrx_word' id='word_1_361' title='bbox 148 2458 169 2471; x_wconf 73' lang='lat'>&#39;¹</span> <span class='ocrx_word' id='word_1_362' title='bbox 195 2459 271 2497; x_wconf 85' lang='lat' dir='ltr'>(Pro</span> <span class='ocrx_word' id='word_1_363' title='bbox 289 2460 381 2489; x_wconf 82' lang='lat' dir='ltr'>Rosc.</span> <span class='ocrx_word' id='word_1_364' title='bbox 407 2461 513 2490; x_wconf 82' lang='lat' dir='ltr'>Amer.</span> <span class='ocrx_word' id='word_1_365' title='bbox 537 2471 563 2491; x_wconf 90' lang='lat' dir='ltr'>c.</span> <span class='ocrx_word' id='word_1_366' title='bbox 579 2461 647 2501; x_wconf 82' lang='lat'>24).</span> <span class='ocrx_word' id='word_1_367' title='bbox 694 2463 825 2492; x_wconf 82' lang='lat' dir='ltr'>Abrami</span> <span class='ocrx_word' id='word_1_368' title='bbox 869 2463 1057 2503; x_wconf 80' lang='lat' dir='ltr'>punishable</span> <span class='ocrx_word' id='word_1_369' title='bbox 1072 2463 1172 2493; x_wconf 87' lang='lat' dir='ltr'>under</span> <span class='ocrx_word' id='word_1_370' title='bbox 1187 2463 1242 2493; x_wconf 87' lang='lat' dir='ltr'>the</span> <span class='ocrx_word' id='word_1_371' title='bbox 1266 2463 1330 2493; x_wconf 81' lang='lat' dir='ltr'>Lex</span> <span class='ocrx_word' id='word_1_372' title='bbox 1356 2463 1501 2493; x_wconf 82' lang='lat' dir='ltr'>Cornelia</span> <span class='ocrx_word' id='word_1_373' title='bbox 1518 2463 1559 2503; x_wconf 91' lang='lat' dir='ltr'>(c.</span> <span class='ocrx_word' id='word_1_374' title='bbox 1577 2466 1646 2502; x_wconf 76' lang='lat'>21).</span> 
     </span>
     <span class='ocr_line' id='line_1_39' title="bbox 50 2501 1644 2545; baseline 0.001 -13"><span class='ocrx_word' id='word_1_375' title='bbox 50 2501 197 2532; x_wconf 87' lang='lat' dir='ltr'>observes</span> <span class='ocrx_word' id='word_1_376' title='bbox 212 2502 282 2530; x_wconf 78' lang='lat' dir='ltr'>that</span> <span class='ocrx_word' id='word_1_377' title='bbox 298 2502 361 2531; x_wconf 77' lang='lat' dir='ltr'>this</span> <span class='ocrx_word' id='word_1_378' title='bbox 377 2503 403 2532; x_wconf 89' lang='lat' dir='ltr'>is</span> <span class='ocrx_word' id='word_1_379' title='bbox 413 2503 527 2533; x_wconf 87' lang='lat' dir='ltr'>almost</span> <span class='ocrx_word' id='word_1_380' title='bbox 542 2513 560 2533; x_wconf 80' lang='lat' dir='ltr'>a</span> <span class='ocrx_word' id='word_1_381' title='bbox 576 2514 656 2544; x_wconf 90' lang='lat' dir='ltr'>copy</span> <span class='ocrx_word' id='word_1_382' title='bbox 672 2505 707 2535; x_wconf 84' lang='lat' dir='ltr'>of</span> <span class='ocrx_word' id='word_1_383' title='bbox 718 2515 737 2534; x_wconf 86' lang='lat' dir='ltr'>a</span> <span class='ocrx_word' id='word_1_384' title='bbox 753 2515 824 2545; x_wconf 83' lang='lat' dir='ltr'>pas·</span> <span class='ocrx_word' id='word_1_385' title='bbox 868 2510 922 2529; x_wconf 75' lang='lat'>—·</span> <span class='ocrx_word' id='word_1_386' title='bbox 936 2506 1214 2545; x_wconf 87' lang='lat' dir='ltr'>constringendum</span> <span class='ocrx_word' id='word_1_387' title='bbox 1228 2506 1247 2535; x_wconf 89' lang='lat'>:&#39;</span> <span class='ocrx_word' id='word_1_388' title='bbox 1271 2516 1305 2536; x_wconf 82' lang='lat' dir='ltr'>as</span> <span class='ocrx_word' id='word_1_389' title='bbox 1321 2505 1349 2535; x_wconf 87' lang='lat' dir='ltr'>if</span> <span class='ocrx_word' id='word_1_390' title='bbox 1370 2506 1410 2535; x_wconf 90' lang='lat' dir='ltr'>he</span> <span class='ocrx_word' id='word_1_391' title='bbox 1426 2516 1506 2535; x_wconf 84' lang='lat' dir='ltr'>were</span> <span class='ocrx_word' id='word_1_392' title='bbox 1521 2516 1539 2535; x_wconf 84' lang='lat' dir='ltr'>a</span> <span class='ocrx_word' id='word_1_393' title='bbox 1555 2507 1644 2535; x_wconf 70' lang='lat' dir='ltr'>ina-l-</span> 
     </span>
     <span class='ocr_line' id='line_1_40' title="bbox 51 2544 1645 2588; baseline 0.003 -15"><span class='ocrx_word' id='word_1_394' title='bbox 51 2554 123 2583; x_wconf 83' lang='lat' dir='ltr'>sage</span> <span class='ocrx_word' id='word_1_395' title='bbox 149 2544 180 2573; x_wconf 91' lang='lat' dir='ltr'>in</span> <span class='ocrx_word' id='word_1_396' title='bbox 212 2544 266 2574; x_wconf 88' lang='lat' dir='ltr'>the</span> <span class='ocrx_word' id='word_1_397' title='bbox 290 2545 403 2583; x_wconf 82' lang='lat' dir='ltr'>speech</span> <span class='ocrx_word' id='word_1_398' title='bbox 429 2545 465 2574; x_wconf 87' lang='lat' dir='ltr'>of</span> <span class='ocrx_word' id='word_1_399' title='bbox 494 2546 665 2577; x_wconf 80' lang='lat' dir='ltr'>Aeschines</span> <span class='ocrx_word' id='word_1_400' title='bbox 703 2549 825 2586; x_wconf 82' lang='lat' dir='ltr'>against</span> <span class='ocrx_word' id='word_1_401' title='bbox 869 2559 942 2579; x_wconf 90' lang='lat' dir='ltr'>man</span> <span class='ocrx_word' id='word_1_402' title='bbox 958 2549 1028 2578; x_wconf 85' lang='lat' dir='ltr'>who</span> <span class='ocrx_word' id='word_1_403' title='bbox 1044 2549 1207 2579; x_wconf 77' lang='lat' dir='ltr'>dismissed</span> <span class='ocrx_word' id='word_1_404' title='bbox 1220 2549 1268 2578; x_wconf 90' lang='lat' dir='ltr'>his</span> <span class='ocrx_word' id='word_1_405' title='bbox 1285 2549 1395 2578; x_wconf 81' lang='lat' dir='ltr'>slaves.</span> <span class='ocrx_word' id='word_1_406' title='bbox 1440 2549 1529 2588; x_wconf 87' lang='lat' dir='ltr'>They</span> <span class='ocrx_word' id='word_1_407' title='bbox 1542 2549 1645 2578; x_wconf 83' lang='lat' dir='ltr'>would</span> 
     </span>
     <span class='ocr_line' id='line_1_41' title="bbox 50 2586 1645 2631; baseline 0.003 -15"><span class='ocrx_word' id='word_1_408' title='bbox 50 2586 337 2624; x_wconf 64' lang='lat' dir='ltr'>Timarchus-M»)</span> <span class='ocrx_word' id='word_1_409' title='bbox 364 2587 427 2627; x_wconf 82' lang='grc' dir='ltr'>γὰρ</span> <span class='ocrx_word' id='word_1_410' title='bbox 454 2587 568 2626; x_wconf 75' lang='grc' dir='ltr'><strong>οἴεσθε,</strong></span> <span class='ocrx_word' id='word_1_411' title='bbox 589 2590 612 2619; x_wconf 85' lang='grc' dir='ltr'>ὠ</span> <span class='ocrx_word' id='word_1_412' title='bbox 636 2588 823 2627; x_wconf 80' lang='grc' dir='ltr'><strong>Ἀθηναῖοι,</strong></span> <span class='ocrx_word' id='word_1_413' title='bbox 868 2592 956 2631; x_wconf 83' lang='lat' dir='ltr'>place</span> <span class='ocrx_word' id='word_1_414' title='bbox 971 2592 1036 2621; x_wconf 89' lang='lat' dir='ltr'>him</span> <span class='ocrx_word' id='word_1_415' title='bbox 1061 2592 1092 2621; x_wconf 91' lang='lat' dir='ltr'>in</span> <span class='ocrx_word' id='word_1_416' title='bbox 1109 2591 1220 2627; x_wconf 87' lang='lat' dir='ltr'>bonds,</span> <span class='ocrx_word' id='word_1_417' title='bbox 1237 2592 1297 2621; x_wconf 86' lang='lat' dir='ltr'>nnd</span> <span class='ocrx_word' id='word_1_418' title='bbox 1315 2596 1367 2630; x_wconf 79' lang='lat' dir='ltr'>get</span> <span class='ocrx_word' id='word_1_419' title='bbox 1383 2592 1447 2621; x_wconf 87' lang='lat' dir='ltr'>him</span> <span class='ocrx_word' id='word_1_420' title='bbox 1472 2596 1527 2630; x_wconf 88' lang='lat' dir='ltr'>put</span> <span class='ocrx_word' id='word_1_421' title='bbox 1546 2591 1645 2620; x_wconf 85' lang='lat' dir='ltr'>under</span> 
     </span>
     <span class='ocr_line' id='line_1_42' title="bbox 52 2628 1643 2674; baseline 0.003 -16"><span class='ocrx_word' id='word_1_422' title='bbox 52 2629 113 2664; x_wconf 82' lang='grc' dir='ltr'>τὰς</span> <span class='ocrx_word' id='word_1_423' title='bbox 130 2631 198 2658; x_wconf 74' lang='grc' dir='ltr'><em>τῶι·</em></span> <span class='ocrx_word' id='word_1_424' title='bbox 216 2628 428 2665; x_wconf 65' lang='grc' dir='ltr'>ἀδικημάτων</span> <span class='ocrx_word' id='word_1_425' title='bbox 446 2630 553 2669; x_wconf 75' lang='grc' dir='ltr'>ἀρχὰς</span> <span class='ocrx_word' id='word_1_426' title='bbox 571 2631 639 2661; x_wconf 81' lang='grc' dir='ltr'>(1πό</span> <span class='ocrx_word' id='word_1_427' title='bbox 656 2632 741 2663; x_wconf 76' lang='grc' dir='ltr'><em>θεῶν</em></span> <span class='ocrx_word' id='word_1_428' title='bbox 765 2636 822 2663; x_wconf 83' lang='lat' dir='ltr'>&amp;c.</span> <span class='ocrx_word' id='word_1_429' title='bbox 867 2645 907 2664; x_wconf 88' lang='lat' dir='ltr'>an</span> <span class='ocrx_word' id='word_1_430' title='bbox 924 2634 1069 2665; x_wconf 77' lang='lat' dir='ltr'>interdiet</span> <span class='ocrx_word' id='word_1_431' title='bbox 1081 2638 1114 2664; x_wconf 85' lang='lat' dir='ltr'>to</span> <span class='ocrx_word' id='word_1_432' title='bbox 1129 2639 1261 2674; x_wconf 81' lang='lat' dir='ltr'>prevent</span> <span class='ocrx_word' id='word_1_433' title='bbox 1273 2635 1337 2664; x_wconf 92' lang='lat' dir='ltr'>him</span> <span class='ocrx_word' id='word_1_434' title='bbox 1350 2635 1428 2664; x_wconf 87' lang='lat' dir='ltr'>from</span> <span class='ocrx_word' id='word_1_435' title='bbox 1446 2635 1577 2672; x_wconf 80' lang='lat' dir='ltr'>wasting</span> <span class='ocrx_word' id='word_1_436' title='bbox 1596 2634 1643 2662; x_wconf 82' lang='lat' dir='ltr'>his</span> 
     </span>
     <span class='ocr_line' id='line_1_43' title="bbox 47 2671 1028 2716; baseline 0.007 -16"><span class='ocrx_word' id='word_1_437' title='bbox 47 2676 103 2695; x_wconf 88' lang='lat'>—‘</span> <span class='ocrx_word' id='word_1_438' title='bbox 120 2672 282 2701; x_wconf 77' lang='lat' dir='ltr'>Furiarum</span> <span class='ocrx_word' id='word_1_439' title='bbox 298 2672 335 2700; x_wconf 69' lang='grc' dir='ltr'>τ’*</span> <span class='ocrx_word' id='word_1_440' title='bbox 359 2671 521 2702; x_wconf 81' lang='lat' dir='ltr'>furialibus</span> <span class='ocrx_word' id='word_1_441' title='bbox 539 2673 588 2702; x_wconf 65' lang='lat' dir='ltr'>V!</span> <span class='ocrx_word' id='word_1_442' title='bbox 607 2674 713 2704; x_wconf 82' lang='lat' dir='ltr'>Halm.</span> <span class='ocrx_word' id='word_1_443' title='bbox 868 2682 1028 2716; x_wconf 86' lang='lat' dir='ltr'>property.</span> 
     </span>
    </p>

    <p class='ocr_par' dir='ltr' id='par_1_5' title="bbox 50 2715 1642 2929">
     <span class='ocr_line' id='line_1_44' title="bbox 95 2715 1642 2758; baseline 0.001 -14"><span class='ocrx_word' id='word_1_444' title='bbox 95 2716 219 2753; x_wconf 72' lang='lat' dir='ltr'>Irayiro</span> <span class='ocrx_word' id='word_1_445' title='bbox 244 2715 316 2751; x_wconf 81' lang='lat' dir='ltr'>illo]</span> <span class='ocrx_word' id='word_1_446' title='bbox 343 2715 482 2749; x_wconf 76' lang='lat' dir='ltr'>Orestes,</span> <span class='ocrx_word' id='word_1_447' title='bbox 508 2715 611 2745; x_wconf 86' lang='lat' dir='ltr'>whom</span> <span class='ocrx_word' id='word_1_448' title='bbox 638 2717 693 2746; x_wconf 85' lang='lat' dir='ltr'>the</span> <span class='ocrx_word' id='word_1_449' title='bbox 720 2717 823 2747; x_wconf 86' lang='lat' dir='ltr'>Greek</span> <span class='ocrx_word' id='word_1_450' title='bbox 910 2721 962 2750; x_wconf 83' lang='grc'>21.</span> <span class='ocrx_word' id='word_1_451' title='bbox 986 2720 1183 2757; x_wconf 69' lang='lat' dir='ltr'>eoesortnm’s</span> <span class='ocrx_word' id='word_1_452' title='bbox 1199 2719 1462 2758; x_wconf 78' lang='lat' dir='ltr'>publicanormn]</span> <span class='ocrx_word' id='word_1_453' title='bbox 1489 2718 1642 2755; x_wconf 76' lang='lat' dir='ltr'>Compare</span> 
     </span>
     <span class='ocr_line' id='line_1_45' title="bbox 50 2757 1642 2798; baseline 0.001 -12"><span class='ocrx_word' id='word_1_454' title='bbox 50 2757 230 2787; x_wconf 72' lang='lat' dir='ltr'>dramatists</span> <span class='ocrx_word' id='word_1_455' title='bbox 245 2761 405 2796; x_wconf 82' lang='lat' dir='ltr'>represent</span> <span class='ocrx_word' id='word_1_456' title='bbox 428 2768 461 2787; x_wconf 81' lang='lat' dir='ltr'>us</span> <span class='ocrx_word' id='word_1_457' title='bbox 484 2757 590 2787; x_wconf 80' lang='lat' dir='ltr'>driven</span> <span class='ocrx_word' id='word_1_458' title='bbox 618 2759 689 2788; x_wconf 79' lang='lat' dir='ltr'>mad</span> <span class='ocrx_word' id='word_1_459' title='bbox 713 2759 753 2798; x_wconf 88' lang='lat' dir='ltr'>by</span> <span class='ocrx_word' id='word_1_460' title='bbox 770 2761 824 2790; x_wconf 84' lang='lat' dir='ltr'>the</span> <span class='ocrx_word' id='word_1_461' title='bbox 868 2762 918 2791; x_wconf 88' lang='lat' dir='ltr'>De</span> <span class='ocrx_word' id='word_1_462' title='bbox 950 2762 1039 2792; x_wconf 80' lang='lat' dir='ltr'>Prov.</span> <span class='ocrx_word' id='word_1_463' title='bbox 1076 2763 1171 2792; x_wconf 83' lang='lat' dir='ltr'>Cous.</span> <span class='ocrx_word' id='word_1_464' title='bbox 1199 2773 1226 2792; x_wconf 85' lang='lat' dir='ltr'>c.</span> <span class='ocrx_word' id='word_1_465' title='bbox 1251 2765 1281 2792; x_wconf 85' lang='lat'>5.</span> <span class='ocrx_word' id='word_1_466' title='bbox 1347 2762 1416 2791; x_wconf 86' lang='lat' dir='ltr'>The</span> <span class='ocrx_word' id='word_1_467' title='bbox 1459 2761 1556 2789; x_wconf 74' lang='lat' dir='ltr'>‘ulter</span> <span class='ocrx_word' id='word_1_468' title='bbox 1571 2760 1577 2771; x_wconf 84' lang='lat'>’</span> <span class='ocrx_word' id='word_1_469' title='bbox 1617 2760 1642 2787; x_wconf 68' lang='lat' dir='ltr'>is</span> 
     </span>
     <span class='ocr_line' id='line_1_46' title="bbox 51 2799 1640 2844; baseline -0.001 -15"><span class='ocrx_word' id='word_1_470' title='bbox 51 2799 146 2830; x_wconf 84' lang='lat' dir='ltr'>furies</span> <span class='ocrx_word' id='word_1_471' title='bbox 182 2800 262 2830; x_wconf 86' lang='lat' dir='ltr'>after</span> <span class='ocrx_word' id='word_1_472' title='bbox 300 2800 409 2838; x_wconf 83' lang='lat' dir='ltr'>killing</span> <span class='ocrx_word' id='word_1_473' title='bbox 446 2800 493 2829; x_wconf 84' lang='lat' dir='ltr'>his</span> <span class='ocrx_word' id='word_1_474' title='bbox 532 2801 666 2838; x_wconf 86' lang='lat' dir='ltr'>mother,</span> <span class='ocrx_word' id='word_1_475' title='bbox 703 2802 823 2842; x_wconf 87' lang='lat' dir='ltr'>though</span> <span class='ocrx_word' id='word_1_476' title='bbox 869 2804 1088 2835; x_wconf 81' lang='lat' dir='ltr'>Gabinius.—‘</span> <span class='ocrx_word' id='word_1_477' title='bbox 1100 2805 1276 2844; x_wconf 77' lang='lat' dir='ltr'>emptiones</span> <span class='ocrx_word' id='word_1_478' title='bbox 1290 2804 1309 2834; x_wconf 87' lang='lat'>:&#39;</span> <span class='ocrx_word' id='word_1_479' title='bbox 1335 2804 1423 2833; x_wconf 71' lang='lat' dir='ltr'>there</span> <span class='ocrx_word' id='word_1_480' title='bbox 1439 2812 1537 2831; x_wconf 75' lang='lat' dir='ltr'>seems</span> <span class='ocrx_word' id='word_1_481' title='bbox 1553 2806 1585 2830; x_wconf 78' lang='lat' dir='ltr'>to</span> <span class='ocrx_word' id='word_1_482' title='bbox 1603 2800 1640 2829; x_wconf 75' lang='lat' dir='ltr'>bu</span> 
     </span>
     <span class='ocr_line' id='line_1_47' title="bbox 52 2842 1638 2886; baseline -0.001 -14"><span class='ocrx_word' id='word_1_483' title='bbox 52 2843 168 2882; x_wconf 86' lang='lat' dir='ltr'>Apollo</span> <span class='ocrx_word' id='word_1_484' title='bbox 183 2842 250 2873; x_wconf 88' lang='lat' dir='ltr'>told</span> <span class='ocrx_word' id='word_1_485' title='bbox 277 2843 342 2872; x_wconf 90' lang='lat' dir='ltr'>him</span> <span class='ocrx_word' id='word_1_486' title='bbox 358 2847 391 2873; x_wconf 84' lang='lat' dir='ltr'>to</span> <span class='ocrx_word' id='word_1_487' title='bbox 415 2843 455 2874; x_wconf 90' lang='grc'>(10</span> <span class='ocrx_word' id='word_1_488' title='bbox 476 2843 501 2873; x_wconf 91' lang='lat' dir='ltr'>it</span> <span class='ocrx_word' id='word_1_489' title='bbox 519 2843 581 2873; x_wconf 78' lang='lat' dir='ltr'>and</span> <span class='ocrx_word' id='word_1_490' title='bbox 601 2843 657 2873; x_wconf 88' lang='lat' dir='ltr'>she</span> <span class='ocrx_word' id='word_1_491' title='bbox 679 2844 749 2874; x_wconf 84' lang='lat' dir='ltr'>well</span> <span class='ocrx_word' id='word_1_492' title='bbox 771 2845 825 2875; x_wconf 89' lang='lat' dir='ltr'>de·</span> <span class='ocrx_word' id='word_1_493' title='bbox 870 2856 911 2877; x_wconf 93' lang='lat' dir='ltr'>no</span> <span class='ocrx_word' id='word_1_494' title='bbox 927 2848 1074 2886; x_wconf 88' lang='lat' dir='ltr'>meaning</span> <span class='ocrx_word' id='word_1_495' title='bbox 1089 2848 1121 2877; x_wconf 94' lang='lat' dir='ltr'>in</span> <span class='ocrx_word' id='word_1_496' title='bbox 1147 2848 1201 2877; x_wconf 82' lang='lat' dir='ltr'>the</span> <span class='ocrx_word' id='word_1_497' title='bbox 1221 2847 1322 2877; x_wconf 84' lang='lat' dir='ltr'>words</span> <span class='ocrx_word' id='word_1_498' title='bbox 1344 2845 1445 2875; x_wconf 70' lang='lat' dir='ltr'>which</span> <span class='ocrx_word' id='word_1_499' title='bbox 1461 2844 1562 2873; x_wconf 86' lang='lat' dir='ltr'>follow</span> <span class='ocrx_word' id='word_1_500' title='bbox 1578 2843 1638 2871; x_wconf 81' lang='lat' dir='ltr'>and</span> 
     </span>
     <span class='ocr_line' id='line_1_48' title="bbox 52 2883 1638 2929; baseline -0.001 -15"><span class='ocrx_word' id='word_1_501' title='bbox 52 2885 160 2916; x_wconf 87' lang='lat' dir='ltr'>served</span> <span class='ocrx_word' id='word_1_502' title='bbox 183 2885 240 2916; x_wconf 88' lang='lat' dir='ltr'>her</span> <span class='ocrx_word' id='word_1_503' title='bbox 261 2885 476 2925; x_wconf 83' lang='lat' dir='ltr'>punishment.</span> <span class='ocrx_word' id='word_1_504' title='bbox 522 2886 687 2922; x_wconf 82' lang='lat' dir='ltr'>Athamas,</span> <span class='ocrx_word' id='word_1_505' title='bbox 704 2886 779 2926; x_wconf 85' lang='lat' dir='ltr'>king</span> <span class='ocrx_word' id='word_1_506' title='bbox 794 2888 829 2918; x_wconf 80' lang='lat' dir='ltr'>of</span> <span class='ocrx_word' id='word_1_507' title='bbox 869 2899 922 2920; x_wconf 81' lang='lat' dir='ltr'>are</span> <span class='ocrx_word' id='word_1_508' title='bbox 937 2890 1081 2921; x_wconf 81' lang='lat' dir='ltr'>enclosed</span> <span class='ocrx_word' id='word_1_509' title='bbox 1096 2890 1128 2920; x_wconf 88' lang='lat' dir='ltr'>in</span> <span class='ocrx_word' id='word_1_510' title='bbox 1156 2889 1169 2929; x_wconf 93' lang='lat'>[</span> <span class='ocrx_word' id='word_1_511' title='bbox 1194 2886 1456 2929; x_wconf 84' lang='lat' dir='ltr'>].—‘Tusculani</span> <span class='ocrx_word' id='word_1_512' title='bbox 1477 2883 1638 2915; x_wconf 58' lang='lat' dir='ltr'>montem!</span> 
     </span>
    </p>
   </div>
  </div>
 </body>
</html>
