1816 3211
352 231 530 274 ORAT.
564 231 684 274 PRO
717 231 767 274 Τ.
799 231 994 274 ΑΝΝΙΟ
1030 232 1288 274 MILONE.
1535 236 1616 277 319

23 349 204 387 tatorem
239 350 447 401 oportere,
479 360 613 402 neque
640 346 762 388 aliter
793 347 904 387 mala
934 346 1118 388 civitatis
1149 346 1286 388 sedari
1316 359 1452 401 posse,
1486 347 1620 388 visum

22 415 88 452 est
115 410 391 465 optimatibus
418 411 552 452 tutius
582 425 673 452 esse
704 426 798 452 eum
827 411 1040 452 consulem
1068 411 1157 452 sine
1185 412 1345 466 collega
1381 411 1542 458 creari;
1577 416 1620 452 et

22 490 151 532 quum
171 479 357 517 tractata
378 490 426 516 ea
447 491 515 516 res
536 481 646 517 esset
667 475 709 516 in
730 482 890 525 senatu,
913 476 1026 517 facto
1047 476 1090 517 in
1114 476 1176 517 M.
1200 475 1340 517 Bibuli
1367 473 1621 517 sententiam

23 540 67 581 S.
92 540 152 591 G„
181 540 410 596 Pompeius
442 542 493 581 ab
530 541 740 596 interrege
775 541 864 582 Ser.
899 541 1082 597 Sulpicio
1111 555 1152 582 V.
1184 541 1281 582 Kal.
1313 540 1446 581 Mart.
1477 554 1620 581 mense

23 605 287 646 intercalario
309 605 454 646 consul
475 610 642 647 creatus
663 610 740 656 est,
764 606 992 662 statimque
1010 606 1275 647 consulatum
1295 605 1402 646 iniit.
1454 604 1620 645 Deinde

23 675 122 726 post
143 670 252 711 diem
273 670 446 712 tertium
468 671 518 711 de
539 670 702 726 legibus
722 671 841 712 novis
864 671 1047 712 ferendis
1077 670 1267 712 rettulit:
1302 671 1406 711 duas
1427 684 1480 711 ex
1503 669 1546 710 S.
1571 669 1618 711 O.

22 735 332 791 promulgavit;
365 735 538 776 alteram
569 736 619 776 de
646 735 698 785 vi,
729 750 810 790 qua
841 736 1088 776 nominatim
1119 736 1290 776 eaedem
1319 735 1362 775 in
1389 734 1456 775 via
1477 734 1620 790 Appia

22 801 180 842 factam
200 805 243 842 et
263 800 500 840 incendium
521 800 659 840 curiae
681 805 724 841 et
745 800 913 840 domum
938 800 1001 841 M.
1027 799 1176 854 Lepidi
1206 799 1430 854 interregis
1461 813 1620 854 oppug-

23 870 167 906 natam
188 865 514 920 comprehendit,
538 866 714 906 alteram
735 865 786 905 de
806 864 985 913 ambitu;
1021 879 1200 919 poenam
1220 863 1454 919 graviorem
1475 869 1517 905 et
1537 864 1619 904 sor-

22 944 134 971 mam
156 929 408 985 judiciorum
439 930 682 971 breviorem.
745 929 939 984 Utraque
970 929 1079 970 enim
1109 929 1177 969 lex
1207 929 1322 984 prius
1353 933 1488 970 testes
1515 928 1618 978 dari,

22 995 172 1036 deinde
192 1009 275 1035 uno
306 995 372 1037 die
402 999 530 1050 atque
564 995 711 1036 eodem
741 999 785 1035 et
812 995 865 1035 ab
898 999 1148 1036 accusatore
1177 998 1222 1034 et
1249 994 1304 1034 ab
1334 1007 1405 1034 reo
1433 993 1619 1048 perorari

16 1059 209 1113 jubebat,
232 1059 292 1100 ita
311 1064 359 1101 ut
380 1060 486 1101 duae
506 1059 632 1100 horae
653 1058 904 1108 accusatori,
927 1064 1016 1100 tres
1038 1074 1108 1100 reo
1138 1059 1352 1099 darentur.
1415 1058 1499 1098 His
1519 1058 1620 1114 legi-

22 1125 102 1165 bus
143 1124 348 1166 obsistere
390 1125 453 1165 M.
497 1123 664 1165 Caelius
707 1123 901 1165 tribunus
940 1125 1009 1179 pl,
1052 1122 1387 1165 studiosissimus
1430 1123 1618 1174 Milonis,

22 1194 200 1230 conatus
220 1194 297 1241 est,
322 1190 434 1245 quod
454 1195 496 1231 et
517 1189 778 1245 privilegium
800 1189 958 1231 diceret
980 1189 1022 1229 in
1041 1189 1245 1230 Milonem
1265 1187 1374 1239 ferri,
1400 1192 1443 1230 et
1460 1189 1620 1243 judicia

22 1253 303 1308 praecipitari.
365 1254 424 1295 Et
454 1269 580 1309 quum
611 1253 867 1309 pertinacius
897 1253 1033 1309 legem
1065 1253 1229 1295 Caelius
1264 1253 1536 1308 vituperaret,
1570 1268 1618 1295 6ο

22 1317 227 1373 processit
248 1318 334 1358 irae
367 1318 605 1372 Pompeius,
635 1323 684 1359 ut
712 1318 872 1360 diceret
904 1319 939 1359 si
971 1324 1143 1360 coactus
1175 1322 1286 1360 esset
1317 1318 1443 1358 armis
1460 1313 1508 1359 ’56
1529 1333 1619 1359 rem

22 1383 231 1438 publicam
263 1383 542 1424 defensurum.
609 1383 807 1424 Timebat
846 1389 987 1425 autem
1030 1384 1256 1439 Pompeius
1294 1383 1510 1433 Milonem,
1543 1398 1618 1424 seu

21 1448 170 1489 timere
203 1463 249 1489 se
284 1448 524 1489 simulabat.
586 1448 840 1503 Plerumque
875 1463 960 1489 non
994 1449 1106 1489 domi
1147 1463 1260 1497 suae,
1302 1448 1376 1488 sed
1408 1447 1450 1487 in
1482 1447 1618 1489 hortis

21 1514 245 1562 manebam
292 1513 416 1568 idque
452 1513 588 1568 ipsum
621 1513 662 1554 in
695 1513 989 1568 superioribuS,
1025 1514 1135 1554 circa
1167 1528 1270 1568 quos
1306 1513 1433 1554 etiam
1465 1527 1618 1569 magna

21 1593 170 1620 manus
203 1578 384 1620 militum
415 1579 666 1620 excubabat.
730 1579 933 1620 Senatum
966 1593 1131 1634 quoque
1159 1578 1285 1619 semel
1338 1611 1347 1619 .
1401 1611 1409 1619 .
1464 1611 1472 1620 .
1525 1584 1618 1620 erat

23 1643 261 1699 Pompeius,
286 1643 397 1698 quod
417 1643 576 1683 diceret
596 1643 743 1684 timere
772 1658 816 1684 se
843 1644 1071 1685 adventum
1102 1644 1284 1685 Milonis.
1347 1643 1459 1684 Dein
1480 1645 1616 1699 proxi-

21 1723 89 1749 me
110 1712 256 1749 senatu
280 1708 331 1749 P.
355 1706 601 1748 Cornificius
627 1707 784 1749 ferrum
811 1707 1017 1749 Milonem
1048 1708 1160 1749 intra
1180 1708 1364 1749 tunicam
1387 1709 1540 1749 habere
1563 1710 1616 1750 ad

19 1774 153 1814 femur
183 1773 399 1827 alligatum
435 1772 612 1813 dixerat.
675 1772 970 1814 Postulaverat
1006 1778 1054 1813 ut
1086 1772 1220 1813 femur
1251 1773 1443 1822 nudaret,
1477 1778 1520 1814 et
1551 1774 1616 1814 ille

19 1838 108 1879 sine
129 1853 245 1879 mora
266 1838 452 1879 tunicam
472 1837 694 1879 levaverat.
747 1837 855 1878 Tum
879 1837 942 1878 M.
966 1838 1114 1880 Cicero
1135 1837 1457 1889 exclamaverat,
1478 1839 1617 1880 omnia

18 1902 76 1944 illi
97 1903 246 1945 similia
267 1903 439 1944 crimina
459 1917 550 1944 esse
572 1918 676 1958 quae
697 1903 740 1944 in
764 1903 968 1944 Milonem
990 1904 1231 1945 dicerentur
1251 1904 1344 1946 alia.

77 1967 242 2009 Deinde
275 1967 497 2009 Munatius
531 1967 711 2009 Plancus
740 1968 936 2010 tribunus
957 1968 1010 2023 pl.
1032 1970 1292 2023 produxerat
1313 1970 1355 2010 in
1376 1971 1616 2012 contionem

21 2032 85 2073 M.
109 2032 334 2072 Aemilium
365 2032 661 2082 Philemonem,
695 2037 841 2074 notum
872 2034 1092 2083 hominem,
1124 2034 1323 2075 libertum
1357 2035 1420 2076 M.
1453 2035 1615 2091 Lepidi.

21 2096 65 2137 Is
96 2111 141 2137 56
174 2096 341 2136 dicebat
371 2096 609 2151 pariterque
636 2112 780 2139 seeum
811 2103 1012 2152 quattuor
1041 2099 1195 2139 liberos
1226 2099 1413 2141 homines
1444 2100 1526 2142 iter
1557 2101 1615 2142 fa-

18 2161 178 2202 cientes
199 2160 498 2214 supervenisse,
522 2175 648 2215 quum
670 2162 840 2204 Clodius
871 2163 1144 2213 occideretur,
1168 2168 1213 2204 et
1233 2164 1286 2204 ob
1308 2163 1349 2204 id
1372 2180 1497 2219 quum
1521 2181 1615 2220 pro-

19 2226 284 2272 clamassent,
332 2224 532 2279 abreptos
572 2229 615 2266 et
655 2228 880 2281 perductos
921 2227 962 2267 in
1002 2228 1139 2268 villam
1183 2228 1355 2270 Milonis
1395 2244 1468 2284 per
1509 2232 1615 2272 duos
1671 2246 1675 2247 ⁷

17 2303 182 2331 menses
214 2288 454 2343 praeclusos
486 2289 642 2338 fuisse3
677 2305 810 2346 eaque
844 2306 911 2332 res
943 2306 1016 2332 seu
1048 2307 1147 2333 vera
1180 2307 1253 2334 seu
1285 2293 1388 2335 falsa
1418 2309 1615 2347 magnam

16 2354 214 2396 invidiam
253 2353 403 2394 Miloni
440 2358 721 2396 contraxerat.
796 2356 997 2411 Idemque
1036 2357 1258 2399 Munatius
1298 2363 1342 2400 et
1387 2359 1614 2415 Pompeius

16 2420 174 2461 tribuni
210 2418 260 2473 pl.
299 2418 341 2457 in
377 2423 514 2459 rostra
548 2420 834 2473 produxerant
870 2421 1129 2462 triumvirum
1163 2423 1398 2478 capitalem,
1436 2440 1614 2481 eumque

54 2532 151 2570 prius
168 2533 262 2561 testes
274 2530 362 2569 dari]
410 2529 487 2560 This
503 2539 564 2561 was
580 2541 619 2561 an
635 2531 791 2572 improve-
837 2542 899 2562 was
915 2533 992 2562 tried
1007 2545 1014 2569 ;
1031 2534 1091 2563 and
1108 2534 1171 2565 this
1189 2545 1251 2566 was
1267 2546 1285 2566 a
1302 2536 1513 2575 Privilegium.
1555 2538 1614 2568 See

16 2577 103 2603 ment
132 2574 163 2604 in
191 2573 333 2603 criminal
360 2573 540 2611 procedure.
585 2574 653 2604 The
679 2575 792 2614 charge
838 2575 948 2611 Index,
965 2576 1036 2606 Vol.
1054 2577 1096 2607 iii.

15 2616 119 2646 would
135 2616 170 2645 of
183 2625 292 2645 course
310 2615 348 2645 be
370 2615 472 2645 stated
497 2616 574 2652 first,
598 2626 634 2646 or
654 2617 709 2647 the
731 2618 790 2647 Ju-
880 2619 976 2657 idque
992 2619 1112 2658 ipsum]
1141 2621 1223 2650 ‘and
1240 2621 1310 2651 that
1326 2621 1402 2651 too!

15 2658 99 2689 dices
111 2658 214 2688 would
228 2662 284 2688 not
296 2658 387 2687 know
399 2658 481 2688 what
496 2658 551 2688 the
566 2659 712 2690 evidence
727 2671 789 2691 was
872 2661 1078 2699 pmduavral
1109 2664 1142 2692 in
1173 2664 1366 2703 contionem]
1417 2668 1423 2681 ‘
1440 2665 1614 2695 Producere

15 2705 48 2732 to
76 2711 181 2741 prove.
229 2701 261 2731 It
287 2701 343 2730 has
367 2700 447 2730 been
474 2700 598 2740 already
626 2703 788 2733 remarked
834 2703 865 2733 in
882 2704 1061 2734 contionem
1077 2704 1083 2716 ¹
1107 2706 1132 2734 is
1155 2705 1301 2736 different
1325 2706 1406 2736 from
1429 2707 1523 2737 ‘dare
1539 2718 1612 2736 cun-

15 2744 133 2774 several
157 2745 250 2774 times
277 2744 347 2773 that
377 2743 431 2773 the
456 2743 571 2773 former
597 2745 732 2783 practice
757 2749 790 2776 at
835 2746 977 2782 tionem,’
995 2747 1096 2777 which
1120 2748 1176 2777 has
1199 2749 1324 2788 already
1341 2749 1420 2779 been
1437 2750 1611 2789 explained.

15 2787 93 2817 such
114 2787 200 2817 trials
223 2797 285 2817 was
312 2790 345 2815 to
367 2786 440 2816 hear
464 2786 519 2815 the
542 2786 688 2817 evidence
711 2789 790 2818 aster
836 2789 1032 2820 ‘l‘roducere
1058 2790 1090 2819 in
1118 2792 1297 2821 contionem
1311 2792 1317 2801 '
1339 2792 1364 2821 is
1391 2793 1456 2822 snid
1482 2793 1570 2821 when
1594 2802 1612 2820 a

15 2830 70 2859 the
96 2830 245 2869 speeches
272 2829 335 2859 had
361 2829 441 2859 been
467 2828 622 2858 delivered
645 2839 686 2860 on
713 2830 790 2861 both
836 2834 875 2861 tr.
892 2832 936 2871 pl.
961 2831 1099 2870 brought
1123 2843 1141 2862 a
1162 2844 1277 2873 person
1295 2833 1401 2864 before
1426 2835 1480 2864 the
1501 2834 1612 2872 people

16 2872 109 2902 sides.
835 2877 869 2904 to
885 2875 954 2913 give
970 2874 1019 2905 his
1035 2876 1206 2916 testimony
1231 2887 1266 2906 or
1291 2877 1338 2906 his
1364 2878 1492 2915 opinion
1515 2876 1611 2903 about

54 2914 279 2954 p⁷·ivileqium]
336 2914 365 2944 A
395 2914 460 2943 Lex
491 2913 582 2943 mado
609 2913 657 2944 sor
683 2913 793 2945 Milo's
837 2926 924 2947 some
941 2921 1055 2948 matter
1066 2918 1167 2948 which
1180 2929 1241 2949 was
1253 2919 1360 2949 before
1373 2916 1608 2956 thcmglluhn).

17 2966 96 2995 case,
119 2957 201 2989 after
225 2957 279 2988 the
300 2960 350 2987 act
371 2966 433 2987 was
456 2956 539 2986 dene
561 2955 609 2987 for
629 2956 730 2988 which
754 2958 793 2988 he
883 2960 1087 2991 triumvirum
1114 2962 1301 3001 capitalem]
1349 2961 1417 2991 The
1437 2959 1609 2989 ‘triumviri
