1816 3211
58 188 140 228 662
188 185 365 228 ORAT.
388 184 902 226 PHILIPPIOARUM
939 183 1124 224 LIBER
1156 181 1591 224 DUODEOIMUS.

49 300 214 355 legatos
235 299 287 340 de
307 313 409 354 paco
430 299 659 347 mittemus,
683 297 753 352 qui
774 296 889 352 pacis
916 295 1086 336 nuntios
1106 294 1374 350 repudiavit?
1434 294 1651 336 Verecun-

52 365 265 405 dioremne
287 378 427 404 coram
448 369 646 418 putamus
666 362 707 401 in
729 361 980 415 postulando
1002 361 1090 400 fore
1112 374 1237 414 quam
1253 359 1382 400 fuerit
1398 363 1500 409 tum,
1525 374 1651 414 quum

51 429 167 470 misit
186 429 384 469 mandata
404 428 456 467 ad
472 427 692 467 senatum?
743 425 878 478 Atqui
900 430 990 465 tum
1012 439 1061 465 ea
1081 424 1256 479 petebat
1278 437 1383 478 quae
1404 423 1655 465 videbantur

53 493 244 548 improba
270 492 450 539 omnino,
479 492 553 531 sed
586 494 727 530 tamen
759 489 899 543 aliquo
932 489 1057 530 modo
1078 503 1200 543 posse
1233 487 1435 533 concedi;
1469 489 1656 528 nondum

54 563 147 599 erat
168 556 318 598 vestris
340 562 425 597 tam
445 555 643 609 gravibus
664 559 835 609 tamque
864 554 1007 595 multis
1025 553 1195 608 judiciis
1217 552 1536 608 ignominiisque
1558 567 1657 593 con·

55 622 190 663 cisus:
224 635 333 660 nunc
367 635 415 660 ea
447 619 556 674 petit
588 633 694 673 quae
731 619 830 658 dare
861 618 974 658 nullo
1006 619 1128 659 modo
1165 631 1398 672 possumus,
1433 616 1512 657 nisi
1541 617 1656 671 prius

52 686 241 727 volumus
262 699 338 725 nos
359 685 466 725 bello
488 684 621 725 victos
643 683 846 724 confiteri.
910 682 1286 724 Senatusconsulta
1306 682 1412 722 falsa
1442 681 1581 722 delata
1600 682 1653 722 ab

53 765 101 791 eo
119 749 396 804 judicavimus
414 765 422 789 :
456 764 556 789 num
576 763 625 789 ea
641 762 738 788 vera
759 762 984 802 possumus
1000 747 1217 801 judicare?
1270 746 1407 800 Leges
1427 746 1653 787 statuimus

52 830 127 870 per
147 814 230 855 vim
251 819 296 855 et
327 818 475 854 contra
504 813 688 867 auspicia
718 812 839 862 latas,
874 812 1007 866 iisque
1038 826 1114 852 nec
1147 811 1347 866 populum
1379 825 1455 852 nec
1491 811 1653 865 plebem

51 878 211 921 teneri:
246 893 345 918 num
366 892 436 918 eas
456 877 623 919 restitui
641 891 762 932 posse
783 877 994 918 censetis?
1055 875 1309 916 Sestertium
1328 875 1654 930 septiesmillies

54 943 258 984 avertisse
293 943 526 984 Antonium
558 942 760 997 pecuniae
801 941 993 996 publicae
1028 940 1319 995 judicavistis:
1368 955 1467 980 num
1507 941 1654 981 fraude

55 1007 211 1063 poterit
246 1022 387 1048 carere
422 1007 671 1062 peculatus?
733 1005 1029 1046 Immunitates
1064 1006 1117 1045 ab
1151 1019 1199 1045 eo
1231 1005 1484 1054 civitatibus,
1516 1019 1654 1046 sacer-

56 1073 184 1122 dotia,
227 1086 358 1127 regna
388 1071 630 1112 venierunt:
673 1085 773 1110 num
813 1070 997 1124 figentur
1035 1083 1181 1109 rursus
1216 1083 1288 1109 eae
1327 1069 1509 1117 tabulae,
1551 1084 1654 1124 quas

53 1151 128 1178 vos
157 1136 337 1177 decretis
364 1136 514 1176 vestris
550 1134 776 1175 refixistis3
838 1134 920 1174 VI.
956 1133 1079 1185 Quod
1108 1132 1144 1173 si
1176 1147 1226 1173 ea
1258 1147 1363 1188 quae
1394 1134 1654 1174 decrevimus

56 1203 242 1250 obruere,
266 1215 366 1240 num
397 1200 524 1240 etiam
550 1199 794 1239 memoriam
827 1212 966 1238 rerum
999 1197 1137 1237 delere
1167 1199 1415 1252 possumus?
1477 1197 1654 1249 Quando

54 1266 164 1307 enim
199 1265 468 1305 obliviscetur
501 1263 584 1303 ulla
616 1263 856 1318 posteritas,
882 1263 1002 1317 cujus
1032 1262 1187 1303 scelere
1209 1261 1251 1301 in
1271 1262 1350 1302 hac
1371 1263 1549 1303 vestitus
1568 1263 1654 1303 foe-

54 1331 190 1372 ditate
229 1329 460 1370 fuerimusss
532 1327 598 1369 Ut
649 1328 942 1369 centurionum
990 1326 1166 1381 legionis
1208 1326 1393 1367 Martiae
1443 1327 1655 1368 Brundisii

54 1395 248 1450 profusus
281 1393 454 1448 sanguis
475 1392 651 1442 eluatur,
681 1407 781 1433 num
803 1391 884 1433 elui
914 1390 1171 1446 praedicatio
1192 1391 1454 1432 crudelitatis
1482 1393 1655 1446 potest?

56 1460 123 1500 Ut
144 1459 279 1499 media
308 1463 583 1513 praeteream,
608 1472 714 1512 quae
735 1461 927 1498 vetustas
957 1455 1079 1497 tollet
1105 1470 1277 1509 operum
1307 1455 1417 1496 circa
1441 1456 1653 1497 Mutinam

54 1528 195 1566 taetra
229 1527 514 1572 monumenta,
551 1522 720 1563 sceleris
755 1521 906 1562 indicia
946 1520 1237 1576 latrociniique
1272 1520 1478 1575 vestigia?
1539 1520 1654 1561 Huic

54 1589 184 1644 igitur
215 1589 453 1643 importuno
484 1592 611 1642 atque
642 1587 805 1642 impuro
833 1586 1067 1641 parricidae
1096 1585 1195 1640 quid
1221 1586 1436 1635 habemus,
1459 1599 1533 1639 per
1554 1585 1654 1625 deos

53 1653 321 1703 immortales,
345 1653 455 1708 quod
471 1652 763 1693 remittamus?
823 1652 895 1691 An
919 1651 1099 1691 Galliam
1120 1650 1309 1691 ultimam
1330 1655 1374 1691 et
1395 1649 1653 1691 exercitum?

54 1718 154 1773 quid
189 1724 254 1759 est
288 1718 398 1758 aliud
418 1731 502 1758 non
529 1731 676 1771 pacem
704 1716 854 1764 facere,
892 1716 967 1756 sed
1002 1715 1166 1756 differre
1199 1715 1382 1755 bellum?
1413 1728 1489 1754 nec
1519 1714 1654 1754 solum

54 1796 288 1837 propagare
322 1782 487 1829 bellum,
525 1781 600 1820 sed
641 1780 870 1820 concedere
904 1779 1033 1820 etiam
1065 1778 1309 1819 victoriam?
1370 1778 1441 1817 An
1472 1778 1538 1818 ille
1568 1792 1653 1818 non

55 1847 215 1895 vicerit,
238 1846 273 1886 si
294 1858 552 1900 quacumque
585 1843 823 1883 conditione
844 1843 885 1882 in
905 1843 1014 1883 hanc
1047 1843 1194 1882 urbem
1229 1856 1324 1882 cum
1357 1841 1443 1881 suis
1467 1842 1653 1882 venerit?

59 1910 204 1951 Armis
235 1924 346 1949 nunc
377 1908 515 1948 omnia
546 1911 761 1948 tenemus:
799 1907 1055 1947 auctoritate
1086 1906 1269 1946 valemus
1301 1905 1548 1960 plurimum:
1581 1906 1652 1946 ab·

55 1979 156 2016 sunt
183 1978 250 2014 tot
285 1972 434 2028 perditi
470 1972 579 2012 cives
611 1971 815 2012 nefarium
850 1971 984 2011 secuti
1020 1971 1196 2018 ducem,
1231 1976 1374 2011 tamen
1406 1985 1550 2011 eorum
1580 1985 1653 2012 ora

56 2051 351 2092 sermonesque
373 2036 441 2091 qui
462 2036 503 2076 in
524 2036 623 2076 urbe
644 2050 695 2076 ex
717 2050 765 2076 eo
787 2049 960 2075 numero
990 2034 1126 2075 relicti
1147 2040 1246 2076 sunt
1275 2034 1382 2075 ferre
1404 2049 1488 2075 non
1508 2049 1652 2089 possu-

56 2117 164 2144 mus.
226 2102 335 2154 Quid
363 2100 558 2151 censetis,
586 2115 712 2154 quum
739 2104 807 2140 tot
841 2113 924 2139 uno
961 2103 1149 2153 tempore
1179 2099 1417 2153 irruperint,
1440 2113 1516 2139 nos
1535 2113 1653 2139 arma

55 2166 327 2223 posuerimus,
361 2165 417 2205 illi
447 2179 530 2205 non
562 2163 843 2219 deposuerint,
866 2177 1003 2204 nonne
1033 2177 1110 2204 nos
1137 2163 1294 2204 nostris
1315 2163 1497 2203 consiliis
1518 2163 1652 2204 victos

103 2300 134 2327 5.
160 2300 225 2327 tam
236 2296 403 2336 yravibus]
420 2296 467 2332 b¹‚
481 2294 702 2335 ‘gravissimis’
713 2296 734 2325 b
751 2305 831 2325 corr.

60 2350 80 2370 a
95 2350 115 2378 g
130 2344 143 2370 t
158 2340 179 2369 i.
226 2339 377 2369 Graevius
392 2339 487 2368 refers
503 2342 536 2369 to
553 2342 613 2368 two
629 2347 777 2377 passages
799 2338 833 2367 in

60 2383 163 2411 which
180 2385 187 2398 ‘
201 2384 266 2410 tam
279 2380 285 2393 '
302 2382 328 2410 is
344 2381 421 2410 used
436 2381 511 2411 with
527 2391 545 2410 a
561 2381 763 2419 superlative,
774 2379 833 2410 but

63 2425 161 2454 Halm
185 2433 253 2462 says
274 2423 344 2452 that
369 2423 447 2452 both
469 2423 559 2452 these
584 2432 730 2461 passages
753 2422 832 2452 have

60 2467 140 2496 been
167 2465 325 2495 corrected
341 2465 421 2494 from
438 2466 540 2495 better
564 2465 682 2500 MSS.;
707 2465 768 2494 and
792 2465 832 2494 he

60 2509 138 2538 adds
154 2508 223 2537 that
238 2507 293 2536 the
308 2517 437 2545 passage
453 2508 485 2536 in
502 2507 629 2536 Tacitus
647 2506 747 2546 (Ann.
764 2507 786 2536 i.
803 2517 830 2536 c.

61 2550 129 2590 53),
148 2553 167 2567 “
180 2560 237 2579 nec
252 2549 311 2578 alia
335 2552 400 2578 tam
421 2550 531 2579 intima
546 2549 671 2579 Tiberio
688 2548 830 2585 caussa‚”

64 2594 91 2623 is
107 2596 163 2622 not
178 2592 241 2621 like
257 2591 330 2620 this.

109 2632 506 2670 Senatusconsecltafalsa]
543 2633 594 2662 All
605 2633 693 2662 these
705 2634 833 2672 charges

61 2678 141 2707 have
164 2676 244 2706 been
275 2675 365 2704 made
397 2674 757 2705 before.—‘avertisse:'
783 2685 834 2705 see

63 2720 145 2750 Phil.
170 2729 199 2748 v.
226 2728 251 2747 c.
278 2719 296 2747 4
310 2729 317 2753 ;
341 2716 402 2746 and
428 2725 462 2745 as
488 2720 520 2745 to
548 2719 555 2732 ‘
570 2717 754 2754 peculatus)
782 2727 833 2747 see

64 2763 176 2797 IndeX,
192 2760 265 2789 Vol.
292 2760 312 2788 i.
339 2761 346 2775 ‘
363 2758 604 2787 Peculatus.’—‘
623 2759 799 2789 civitatibus
812 2759 831 2789 :’

63 2805 103 2839 V,
136 2807 143 2820 ⁴
155 2803 295 2833 civitates
307 2800 314 2814 '
342 2801 437 2830 D.—‘
449 2801 583 2838 figentur
598 2822 605 2829 .
625 2823 632 2829 .
651 2823 658 2830 .
675 2801 799 2831 tabulae
811 2801 831 2830 :’

63 2847 118 2877 the
133 2846 250 2875 bronze
264 2843 389 2878 tablets,
408 2845 414 2858 ‘
426 2852 497 2871 aera
511 2842 639 2880 legum!

108 2890 138 2918 6.
163 2886 310 2925 obruere]
338 2888 344 2902 ‘
358 2885 490 2915 obruere
513 2884 656 2913 volumus
671 2884 677 2896 ’
705 2885 748 2913 V2
773 2884 829 2924 (m.

876 2293 911 2333 2)
928 2294 990 2324 and
1012 2295 1053 2324 D.
1101 2294 1240 2324 Faernus
1264 2294 1384 2333 objects
1405 2296 1439 2325 to
1464 2298 1471 2312 ‘
1484 2294 1628 2325 volumus
1642 2293 1650 2307 '

876 2337 948 2366 that
971 2337 1027 2367 the
1047 2337 1194 2376 question
1220 2337 1246 2366 is
1267 2342 1324 2367 not
1347 2347 1418 2367 now
1434 2337 1575 2366 whether
1598 2337 1653 2366 the

877 2382 986 2409 senate
1011 2380 1099 2416 wish,
1126 2379 1183 2409 but
1212 2379 1353 2409 whether
1381 2380 1457 2418 they
1484 2379 1652 2409 cam—‘in

876 2421 934 2451 hac
958 2422 1090 2451 vestitus
1115 2422 1298 2451 foeditate:'
1324 2422 1399 2461 they
1417 2432 1497 2451 were
1518 2421 1652 2459 wearing

875 2464 931 2494 the
954 2463 1110 2502 ‘sagum.’
1157 2464 1216 2494 See
1242 2474 1269 2494 c.
1296 2465 1334 2499 7:
1362 2464 1552 2494 “idcircone
1579 2473 1653 2501 saga

877 2507 1069 2545 sumpsimus
1084 2507 1095 2535 ?
1108 2505 1128 2520 ’'

920 2549 1090 2578 Brundisii
1110 2548 1267 2586 prqfusus
1291 2548 1437 2587 sanquis]
1488 2548 1547 2578 See
1569 2547 1651 2576 Phil.

878 2591 921 2620 iii.
939 2601 965 2620 c.
986 2592 1089 2620 12.-⁴
1104 2600 1233 2629 operum
1251 2613 1258 2620 .
1278 2612 1285 2619 .
1302 2613 1310 2620 .
1329 2594 1533 2619 monumenta
1547 2590 1565 2619 :’
1597 2589 1652 2618 the

878 2633 1055 2662 memorials
1070 2632 1106 2662 of
1117 2633 1171 2662 the
1186 2633 1288 2662 works
1308 2633 1408 2662 raised
1431 2633 1480 2662 for
1497 2633 1552 2662 the
1569 2632 1651 2670 siege

878 2675 914 2704 of
927 2675 1063 2704 Mutina.
1110 2675 1140 2704 D
1157 2675 1212 2704 has
1230 2678 1236 2691 ‘
1250 2675 1471 2704 munimenta!

921 2717 999 2755 quid
1015 2719 1060 2746 est
1076 2717 1181 2755 aliud]
1230 2717 1262 2746 It
1285 2727 1416 2755 appears
1435 2717 1515 2746 from
1539 2715 1649 2745 Ferra-

876 2758 951 2788 rius’
969 2762 1045 2788 note
1071 2759 1141 2788 that
1163 2769 1250 2788 some
1274 2759 1408 2788 editions
1432 2759 1493 2788 add
1509 2761 1516 2775 ⁴
1533 2756 1648 2796 quam’

876 2801 955 2830 aster
972 2804 979 2818 ⁴
992 2801 1099 2830 aliud.¹
1147 2801 1204 2830 See
1230 2801 1309 2830 Phil.
1335 2811 1365 2830 x.
1386 2811 1412 2830 c.
1430 2802 1514 2830 2.—-‘
1529 2800 1555 2829 si
1572 2808 1649 2838 qua-

876 2853 1000 2882 cunque
1014 2843 1032 2872 :'
1056 2843 1096 2878 V,
1125 2843 1189 2873 ‘si’
1214 2853 1277 2873 om.
1301 2840 1648 2882 D.——‘deposuerint:’

875 2885 964 2915 there
979 2886 1005 2915 is
1020 2895 1039 2914 a
1053 2885 1183 2925 reading
1199 2888 1207 2902 ‘
1221 2884 1405 2925 posuerint!

1808 3154 1816 3187 «ἑ

1811 3200 1813 3211 ι
