1816 3211
123 179 205 222 192
355 179 536 222 ORAT.
574 179 637 220 IN
673 179 722 220 L.
757 179 1180 221 GALPURNIUM
1216 177 1494 220 PISONEM

122 308 301 335 coronae
330 294 497 335 laureae
527 293 695 342 fuerint,
720 307 848 347 quum
869 292 976 332 bella
997 295 1072 332 aut
1102 305 1230 346 parva
1251 296 1324 332 aut
1345 293 1457 333 nulla
1482 294 1724 348 gessissent,

122 364 169 399 tu
201 359 333 400 tantis
364 359 604 399 nationibus
635 357 833 405 subactis,
858 356 991 397 tantis
1021 356 1145 395 rebus
1175 356 1319 408 gestis,
1344 356 1510 397 minime
1542 359 1728 400 fructum

122 423 311 464 laborum
333 428 512 471 tuorum,
536 421 719 476 praemia
741 420 1032 475 periculorum,
1057 420 1227 461 virtutis
1258 420 1439 475 insignia
1461 427 1728 464 contemnere

123 488 319 529 debuisti.
383 487 530 540 Neque
552 501 648 526 vero
681 484 985 539 contempsisti,
1009 484 1067 524 sis
1097 484 1197 524 licet
1220 484 1438 526 Themista
1468 486 1723 541 sapientior-3

122 554 196 594 sed
217 568 263 594 os
285 558 403 594 tuum
426 552 606 592 ferreum
626 555 798 591 senatus
819 549 1007 590 convicio
1029 550 1238 590 verberari
1261 550 1444 592 noluisti.

180 617 210 657 J
214 632 277 658 am
297 617 423 666 vides,
444 616 638 670 quoniam
655 615 822 670 quidem
843 614 903 655 ita
919 614 1108 667 mihimet
1129 614 1188 654 fui
1209 614 1411 664 inimicus,
1430 620 1478 655 ut
1499 630 1563 656 me
1584 619 1727 656 tecum

122 696 419 736 compararem,
444 686 487 721 et
509 681 741 736 digressum
762 694 902 720 meum
924 684 968 720 et
989 679 1225 720 absentiam
1247 684 1291 720 et
1312 679 1493 720 reditum
1516 679 1576 720 ita
1602 681 1727 735 longe

121 751 195 788 tuo
228 745 501 800 praestitisse,
526 750 574 785 ut
605 744 705 785 mihi
733 744 802 784 illa
831 744 970 784 omnia
1001 744 1279 784 immortalem
1310 743 1486 797 gloriam
1520 745 1724 791 dederint,

121 811 199 852 tibi
231 810 530 865 sempiternam
550 809 855 864 turpitudinem
878 808 1119 849 inflixerint.
1182 807 1294 848 Num
1317 807 1443 848 etiam
1464 808 1506 848 in
1527 808 1604 848 hac
1625 823 1728 863 quo-⁸

121 876 281 917 tidiana
311 875 477 916 assidua
509 875 750 929 urbanaque
773 873 858 914 vita
885 873 1147 928 splendorem
1174 879 1307 922 tuum,
1337 873 1530 927 gratiam,
1556 874 1617 914 cel
1645 874 1726 914 bri-

121 945 255 982 tatem
286 940 569 989 domesticam,
605 954 773 994 operam
803 939 1023 985 forensem,
1054 938 1284 988 consilium,
1309 938 1521 988 auxilium,
1545 939 1726 979 auctori-

121 1010 267 1056 tatem,
293 1005 545 1046 sententiam
576 1004 831 1045 senatoriam
862 1003 983 1043 nobis
1014 1008 1100 1053 aut,
1124 1008 1172 1044 ut
1193 1003 1330 1044 verius
1359 1002 1506 1052 dicam,
1532 1003 1725 1056 cuiquam

121 1085 166 1111 es
187 1070 328 1110 infimo
350 1085 399 1110 ac
422 1068 763 1124 desperatissimo
785 1068 1077 1108 antelaturus?

179 1135 392 1175 XXVII.
421 1135 527 1188 Age,
552 1138 724 1174 senatus
746 1132 833 1172 odit
855 1137 910 1181 te,
930 1132 1039 1186 quod
1062 1147 1154 1172 eum
1179 1136 1223 1172 tu
1245 1132 1382 1172 facere
1400 1132 1495 1185 jure
1517 1132 1723 1180 concedis,

119 1200 365 1241 afflictorem
388 1214 436 1239 ac
469 1198 723 1253 perditorem
754 1212 836 1237 non
867 1197 992 1236 modo
1025 1196 1246 1250 dignitatis
1276 1200 1319 1235 et
1349 1196 1628 1245 auctoritatis,
1652 1197 1727 1236 sed

120 1264 287 1305 omnino
310 1263 465 1304 ordinis
486 1277 536 1303 ac
559 1261 737 1302 nominis
758 1261 821 1301 sui
840 1278 848 1302 :
884 1261 1022 1302 videre
1044 1260 1207 1315 equites
1230 1260 1408 1300 Romani
1430 1275 1513 1300 non
1535 1266 1724 1316 possunt,

119 1344 201 1384 quo
223 1343 275 1368 ex
297 1328 441 1368 ordine
463 1327 524 1368 vir
545 1325 933 1381 praestantissimus
954 1330 997 1366 et
1019 1324 1323 1373 ornatissimus,
1350 1324 1398 1366 L.
1416 1325 1573 1374 Aelius,
1598 1331 1664 1367 est
1684 1332 1726 1366 te

120 1393 288 1434 consule
320 1393 556 1447 relegatus:
591 1391 708 1446 plebs
731 1390 922 1431 Romana
952 1390 1162 1444 perditum
1183 1389 1312 1444 cupit,
1346 1389 1387 1429 in
1409 1390 1528 1444 cujus
1549 1394 1597 1431 tu
1623 1390 1726 1431 infa-

119 1458 244 1499 miam
266 1472 314 1498 ea
336 1472 440 1512 quae
471 1472 546 1512 per
575 1457 760 1497 latrones
791 1460 835 1496 et
866 1470 939 1510 per
969 1469 1111 1495 servos
1142 1455 1192 1495 de
1222 1469 1288 1495 me
1311 1469 1458 1509 egeras
1480 1455 1722 1497 contulisti:

123 1523 248 1565 Italia
280 1528 434 1563 cuncta
470 1527 725 1571 exsecratur,
761 1521 883 1575 cujus
918 1520 1027 1560 idem
1063 1524 1111 1560 tu
1145 1519 1443 1574 superbissime
1480 1520 1650 1560 decreta
1682 1526 1726 1560 et

120 1603 263 1643 preces
284 1587 529 1643 repudiasti.
595 1586 682 1626 Fac
705 1585 829 1639 hujus
852 1584 936 1625 odii
957 1584 1067 1625 tanti
1089 1599 1137 1624 ac
1160 1589 1248 1625 tam
1270 1584 1451 1624 universi
1482 1584 1725 1638 periculum,

120 1653 154 1693 si
176 1654 318 1694 audes.
383 1652 552 1694 Instant
581 1655 679 1706 post
709 1649 922 1690 hominum
943 1648 1184 1689 memoriam
1206 1649 1514 1703 apparatissimi
1537 1650 1725 1704 magnifi-

121 1718 431 1772 centissimique
459 1716 556 1765 ludi,
581 1716 725 1770 quales
757 1729 840 1755 non
868 1714 991 1754 modo
1012 1728 1241 1768 numquam
1261 1713 1443 1761 fuerunt,
1467 1714 1540 1754 sed
1571 1728 1622 1753 ne
1643 1729 1724 1768 quo

119 1784 243 1823 modo
265 1782 354 1823 fieri
376 1782 542 1837 quidem
564 1781 739 1836 posthac
761 1779 924 1835 possint
944 1793 1115 1834 possum
1137 1778 1219 1819 ullo
1241 1784 1365 1833 pacto
1387 1779 1602 1833 suspicari.
1656 1779 1725 1819 Da

120 1852 163 1889 te
204 1847 366 1902 populo,
410 1846 627 1887 committe
667 1845 788 1885 ludis.
867 1844 1041 1884 Sibilum
1083 1843 1265 1884 metuis?
1310 1843 1382 1883 ubi
1422 1848 1521 1883 sunt
1560 1848 1724 1884 vestrae

121 1913 318 1954 scholae?
380 1912 443 1952 Ne
471 1912 725 1952 acclamet-ur
760 1908 954 1964 [times]?
985 1923 1036 1949 ne
1067 1908 1109 1948 id
1141 1908 1310 1962 quidem
1331 1913 1396 1948 est
1417 1923 1563 1948 curare
1595 1909 1724 1963 philo-

120 1977 254 2032 sophi.
319 1976 475 2017 Manus
508 1976 583 2016 tibi
612 1990 663 2015 ne
695 1975 952 2015 afferantur?
1013 1973 1146 2013 Dolor
1176 1973 1286 2013 enim
1317 1978 1381 2013 est
1409 1973 1575 2022 malum,
1598 1978 1646 2014 ut
1677 1978 1725 2014 tu

121 2043 334 2097 disputas:
369 2041 638 2090 existimatio,
663 2040 859 2086 dedecus,
886 2037 1067 2086 infamia,
1091 2037 1308 2091 turpitudo
1331 2039 1455 2077 verba
1476 2042 1576 2078 sunt
1596 2043 1723 2092 atque

120 2107 317 2162 ineptiae.
381 2106 464 2146 Sed
489 2106 541 2146 de
569 2106 648 2145 hoc
675 2119 757 2144 non
778 2102 952 2143 dubito:
987 2116 1070 2141 non
1090 2101 1262 2141 audebit
1282 2101 1482 2141 accedere
1503 2102 1557 2141 ad
1588 2103 1721 2143 ludos.

170 2258 345 2297 Themista]
373 2257 475 2287 There
502 2266 564 2286 was
588 2266 606 2285 a
632 2265 755 2285 woman
784 2255 900 2285 named
943 2255 1044 2294 peius,
1060 2254 1163 2284 which
1179 2264 1259 2284 were
1275 2253 1451 2284 celebrated
1466 2254 1557 2283 when
1581 2253 1621 2283 he
1637 2254 1723 2284 dedi-

121 2301 285 2331 Thcmista
310 2311 328 2329 a
357 2300 496 2329 follower
526 2299 561 2328 of
589 2299 755 2337 Epicurus.
803 2299 834 2328 lt
862 2299 899 2334 is,
946 2298 1035 2328 cated
1058 2298 1106 2327 his
1133 2297 1266 2331 theatro,
1285 2307 1349 2327 13.c.
1381 2300 1433 2327 55.
1479 2297 1557 2326 This
1584 2307 1645 2326 was
1668 2297 1723 2326 the

122 2354 192 2383 says
209 2343 392 2378 Lambinus,
410 2352 428 2371 a
450 2342 546 2371 bitter
570 2341 643 2379 joke
665 2341 713 2370 for
737 2341 845 2371 Cicero
868 2344 901 2370 to
946 2341 1015 2370 first
1041 2340 1184 2370 occasion
1212 2350 1252 2369 on
1280 2340 1382 2369 which
1407 2350 1447 2369 an
1471 2340 1620 2378 elephant
1642 2339 1722 2375 fight

123 2396 267 2424 compare
308 2385 407 2415 Piso's
447 2384 675 2423 philosophical
714 2383 897 2421 knowledge

122 2429 198 2459 with
213 2429 283 2457 that
299 2428 334 2457 of
346 2438 364 2456 a
379 2437 500 2456 woman
524 2427 594 2456 who
618 2426 772 2465 belonged
793 2430 826 2456 to
843 2427 898 2456 the

123 2481 209 2502 same
225 2470 343 2500 school.

167 2515 382 2544 celebritatem
413 2511 633 2550 domesticam]
670 2511 760 2540 ‘The
775 2514 897 2550 respect

123 2557 195 2597 paid
222 2556 263 2595 by
280 2556 369 2585 those
384 2555 454 2583 who
481 2555 539 2583 call
564 2563 605 2583 on
626 2553 709 2592 you,'
733 2564 768 2583 or
795 2564 896 2583 some-

122 2600 214 2638 thing
238 2599 272 2628 of
294 2598 348 2627 the
373 2597 459 2632 kind,
485 2597 533 2625 for
559 2607 604 2625 we
630 2597 709 2626 have
733 2606 775 2626 no
800 2596 898 2626 direct

123 2653 189 2681 way
213 2642 249 2671 of
272 2640 458 2677 translating
484 2639 518 2668 it.
566 2643 572 2655 ‘
589 2639 784 2668 Sententiam
808 2649 896 2668 sena-

123 2683 259 2720 toriam,’
285 2683 352 2712 ‘his
369 2682 497 2711 wisdom
522 2682 552 2710 in
576 2682 681 2720 giving
704 2681 752 2710 his
768 2682 896 2720 opinion

123 2729 156 2758 in
187 2728 241 2757 the
279 2724 463 2756 senate.⁷-—‘
475 2724 727 2763 desperatissimo
740 2723 747 2737 ’
796 2724 896 2754 Codd.

123 2774 131 2788 ⁴
144 2769 389 2809 despicatissimo
407 2767 414 2781 ¹
440 2767 623 2802 Lambinus,
642 2766 749 2796 Halm.

167 2814 218 2846 27.
245 2813 282 2841 L.
300 2810 427 2849 Aelius]
457 2810 576 2844 Lamia,
593 2809 663 2837 who
679 2818 740 2838 was
757 2811 828 2838 sent
844 2811 900 2838 out

123 2856 159 2885 of
174 2856 274 2885 Rome
290 2854 331 2893 by
348 2853 500 2884 Gabinius
518 2851 593 2891 (Pro
611 2851 722 2886 Sestio,
740 2861 766 2880 c.
786 2850 851 2890 12).

167 2897 427 2937 apparatissimi.
442 2917 449 2924 .
463 2918 470 2925 .
482 2894 567 2934 ludi]
582 2894 651 2924 The
665 2893 746 2923 Ludi
759 2894 794 2924 of
802 2894 895 2923 Pom-

942 2393 1003 2413 was
1019 2383 1180 2412 exhibited
1196 2383 1229 2412 in
1245 2383 1299 2412 the
1316 2383 1415 2412 circus
1434 2381 1632 2422 (Asconius).
1666 2382 1720 2412 Ci-

942 2436 1012 2455 cero
1028 2426 1152 2464 writing
1178 2429 1210 2455 to
1237 2426 1359 2455 Marius
1383 2426 1481 2455 about
1522 2425 1612 2454 these
1639 2424 1722 2454 Ludi

944 2468 1009 2508 (Ad
1044 2469 1131 2498 Fam.
1162 2469 1214 2498 vii.
1257 2468 1288 2507 l)
1328 2478 1398 2507 says
1413 2479 1419 2497 :
1468 2470 1487 2484 “
1506 2467 1656 2503 Omnino,
1696 2467 1722 2496 si

943 2512 1075 2551 quaeris,
1106 2511 1173 2540 ludi
1209 2511 1452 2550 apparatissimi,
1493 2510 1548 2539 sed
1578 2520 1642 2539 non
1674 2510 1722 2539 tui

942 2554 1114 2590 stomachi3
1139 2554 1351 2592 conjecturam
1368 2553 1450 2582 enim
1463 2553 1543 2581 facio
1559 2552 1597 2581 de
1614 2551 1720 2582 me0.''

943 2597 1052 2627 Cicero
1069 2606 1230 2635 expresses
1246 2596 1294 2625 his
1310 2596 1431 2634 disgust
1447 2598 1479 2625 at
1505 2594 1560 2625 the
1577 2595 1672 2634 rights
1689 2594 1725 2624 of

943 2649 1015 2669 men
1040 2639 1100 2668 and
1127 2639 1242 2668 beasts.
1290 2638 1437 2667 Plutarch
1467 2636 1592 2677 (Pomp.
1619 2647 1645 2666 c.
1663 2639 1720 2675 52)

943 2692 1012 2721 says
1029 2682 1097 2711 that
1124 2682 1184 2710 five
1208 2681 1351 2710 hundred
1375 2681 1456 2710 lions
1479 2690 1559 2709 were
1575 2680 1669 2709 killed
1687 2683 1720 2708 at

941 2725 1030 2754 these
1047 2724 1139 2759 Ludi,
1164 2724 1265 2753 which
1280 2724 1306 2753 is
1321 2734 1361 2752 an
1381 2722 1551 2752 incredible
1575 2722 1719 2751 number.

948 2767 998 2796 He
1013 2767 1078 2796 also
1095 2767 1206 2805 speaks
1223 2767 1258 2795 of
1277 2766 1332 2795 the
1348 2766 1496 2804 elephant
1511 2764 1600 2802 fight,
1617 2764 1720 2793 which

946 2810 1054 2839 Cicero
1084 2810 1242 2838 mentions
1268 2809 1300 2838 in
1328 2808 1376 2837 his
1400 2809 1502 2837 letter.
1548 2807 1616 2836 The
1643 2817 1719 2835 one-

940 2852 1060 2881 horned
1076 2852 1256 2881 rhinoceros
1272 2851 1337 2881 also
1349 2849 1504 2890 appeared
1520 2852 1553 2879 at
1565 2849 1619 2879 the
1636 2848 1719 2879 Ludi

942 2894 1035 2933 (Plin.
1052 2894 1116 2924 viii.
1134 2904 1160 2924 c.
1178 2895 1228 2930 19,
1248 2892 1319 2933 20).
