1816 3211
89 200 170 241 656
261 198 437 241 ORAT.
474 198 990 241 PHILIPPIOARUM
1026 199 1141 240 LIB.
1165 199 1251 240 XI.
1285 199 1419 242 GAP.
1444 202 1509 241 15.

85 314 229 355 tratu?
290 313 410 366 Quod
433 328 576 357 eorum
597 318 763 355 tantum
791 313 1005 354 fastidium
1040 317 1118 361 est,
1145 326 1250 367 quae
1274 317 1395 354 tanta
1421 313 1675 368 arrogantia,

85 383 134 420 ut
154 379 207 419 ad
229 379 448 421 arbitrium
470 380 632 420 illorum
663 379 936 433 imperatores
957 377 1083 418 etiam
1106 376 1361 431 deligamus?
1409 376 1502 432 Ego
1522 384 1674 428 autem,

86 444 306 485 dicendum
337 450 402 486 est
435 444 555 491 enim,
590 448 733 497 patres
767 441 1003 496 conscripti,
1036 442 1147 496 quod
1169 442 1318 491 sentio,
1344 457 1426 483 non
1457 447 1545 483 tam
1566 448 1679 483 vete-

86 524 210 550 ranos
244 509 464 549 intuendos
505 508 625 549 nobis
665 507 859 556 arbitror,
903 521 1026 561 quam
1065 507 1164 561 quid
1199 506 1357 548 tirones
1396 506 1562 555 milites,
1601 506 1678 546 flos

87 574 249 621 Italiae,
284 573 382 627 quid
418 587 548 613 novae
580 571 765 626 legiones
797 571 850 610 ad
881 570 1137 611 liberandam
1169 571 1346 626 patriam
1376 570 1676 626 paratissimae,

83 639 182 692 quid
214 644 365 678 cuncta
389 637 513 679 Italia
533 638 584 678 de
605 641 744 678 vestra
763 635 972 691 gravitate
999 636 1169 678 sentiat.
1232 636 1345 676 Nihil
1375 636 1485 676 enim
1514 650 1678 691 semper

82 703 229 751 floren
275 708 394 744 aetas
437 702 627 744 succedit
667 702 824 748 aetati3
874 701 944 742 diu
983 701 1169 756 legiones
1207 701 1396 742 Caesaris
1428 702 1672 756 viguerunt;

81 782 192 808 nunc
229 767 372 821 vigent
406 767 583 817 Pansae,
626 767 768 821 vigent
810 766 952 816 Hirtii,
992 766 1134 821 vigent
1176 766 1365 807 Caesaris
1404 766 1489 815 filii,
1533 766 1676 820 vigent

83 832 253 873 Planci:
285 832 458 873 vincunt
479 847 664 881 numero,
693 832 864 872 vincunt
893 831 1127 872 aetatibus:
1161 831 1353 871 nimirum
1384 831 1512 871 etiam
1532 836 1675 872 aucto-

81 896 207 938 ritate
237 896 421 947 vincunt,
448 897 489 937 id
510 897 619 937 enim
649 897 803 937 bellum
833 901 998 951 gerunt,
1033 896 1143 950 quod
1172 896 1225 936 ab
1256 895 1447 937 omnibus
1477 896 1675 949 gentibus

82 962 388 1016 comprobatur.
451 962 600 1017 Itaque
632 961 696 1002 his
729 961 914 1016 praemia
948 961 1152 1014 promissa
1187 966 1298 1011 sunt,
1334 960 1413 1000 illis
1448 961 1672 1015 persoluta.

83 1027 297 1067 Fruantur
318 1026 373 1067 illi
395 1027 491 1076 suis,
508 1027 797 1082 persolvantur
818 1025 883 1065 his
904 1040 1007 1080 quae
1024 1025 1348 1079 spopondimus3
1380 1026 1421 1066 id
1443 1025 1551 1066 enim
1573 1026 1672 1067 deos

80 1092 337 1132 immortales
364 1107 488 1147 spero
512 1091 805 1146 aequissimum
822 1091 1025 1145 judicare.
1087 1091 1204 1142 Quae
1225 1105 1350 1146 quum
1378 1091 1439 1132 ita
1459 1091 1556 1139 sint,
1579 1106 1671 1132 eam

80 1171 204 1211 quam
243 1156 328 1196 dixi
369 1157 622 1198 sententiam
661 1155 789 1206 vobis,
832 1160 975 1210 patres
1014 1155 1251 1211 conscripti,
1295 1170 1443 1196 censeo
1484 1170 1670 1211 compro-

79 1221 272 1262 bandam.

121 1353 172 1381 illi
193 1353 276 1389 suis]
317 1353 401 1382 “illi
429 1353 497 1382 suis
526 1352 575 1383 ed.
608 1352 681 1384 Seb.
715 1353 848 1394 Gryphii
879 1353 993 1396 (1550)
1009 1353 1029 1368 ''
1056 1353 1210 1396 (Halm):
1243 1358 1257 1386 t
1283 1355 1339 1386 has
1374 1355 1535 1393 ⁴illisues,’
1566 1355 1668 1386 which

78 1395 104 1425 is
121 1395 185 1425 ‘illi
201 1394 288 1433 suis,'
306 1399 313 1412 ⁴
325 1395 372 1426 his
388 1396 433 1425 illi
445 1395 452 1408 '
471 1395 642 1426 Ferrarius.
