1816 3211
124 170 206 210 556
271 167 448 209 ORAT.
484 165 997 208 PHILIPPIOARUM
1032 165 1218 206 LIBER
1250 165 1557 218 QUARTUS.

120 280 296 323 tissimis
325 279 462 322 verbis
491 280 673 335 legiones
703 294 808 335 quae
843 284 886 320 te
919 278 1186 333 reliquerunt,
1210 291 1315 332 quae
1347 292 1373 318 a
1407 281 1450 318 te
1481 278 1705 320 arcessitae

121 350 232 394 sunt,
270 360 375 400 quae
400 350 561 393 essent,
595 345 630 385 si
665 349 708 385 te
741 344 952 385 consulem
984 357 1108 396 quam
1143 342 1308 382 hostem
1334 342 1559 393 maluisses,
1594 348 1705 383 tuae.

123 410 309 462 Quarum
336 410 543 464 legionum
578 407 851 448 fortissimum
881 406 1221 461 verissimumque
1251 405 1454 460 judicium
1489 407 1708 448 confirmat

121 483 306 524 senatuS,
349 473 593 527 comprobat
627 472 844 512 universus
884 471 1060 526 populus
1100 470 1328 519 Romanus,
1364 470 1443 510 nisi
1482 470 1589 511 forte
1621 485 1706 519 vos,

123 539 319 592 Quirites,
363 537 572 577 consulem
607 551 690 577 non
730 537 896 576 hostem
930 535 1132 590 judicatis
1166 534 1411 576 Antonium.
1494 534 1563 575 Sic
1602 535 1709 576 arbi-

121 604 276 651 trabar,
303 601 496 653 Quirites,
521 615 594 642 vos
621 601 824 655 judicare,
847 605 895 641 ut
916 600 1151 641 ostenditis.
1214 599 1324 651 Quid
1344 599 1579 653 municipia,
1600 599 1709 640 colo-

120 668 222 716 nias,
245 666 530 721 praefecturas
562 680 661 706 num
692 666 812 706 aliter
840 665 1029 720 judicare
1057 664 1262 706 censetis?
1323 663 1479 705 Omnes
1510 663 1711 704 mortales

119 746 202 772 una
231 736 373 772 mente
397 730 676 780 consentiunt,
701 729 840 770 omnia
872 744 987 770 arma
1022 743 1175 778 eorum,
1200 728 1270 783 qui
1298 728 1401 769 haec
1433 727 1548 768 salva
1568 727 1709 776 velint,

122 800 270 837 contra
290 795 401 836 illam
429 800 591 850 pestem
613 810 704 836 esse
725 794 942 850 capienda.
1004 793 1114 845 Quid
1146 794 1201 835 D.
1224 793 1348 834 Bruti
1371 792 1585 847 judicium,
1611 792 1711 844 Qui-

120 861 237 910 rites,
271 861 382 915 quod
409 875 462 901 ex
489 859 690 900 hodierno
712 860 802 913 ejus
835 859 973 900 edicto
1006 859 1243 914 perspicere
1270 857 1481 913 potuistis,
1515 872 1616 897 num
1647 855 1712 897 cui

121 925 290 966 tandem
315 924 663 965 contemnendum
684 923 877 965 videtur?
938 923 1072 964 Recte
1105 929 1149 964 et
1179 938 1275 964 vere
1308 923 1486 977 negatis,
1512 921 1711 974 Quirites.

121 989 205 1030 Est
225 989 334 1030 enim
355 989 474 1043 quasi
495 989 667 1029 deorum
688 987 984 1029 immortalium
1009 987 1211 1029 beneficio
1233 993 1276 1028 et
1296 1001 1466 1028 munere
1488 987 1632 1026 datum
1652 984 1712 1024 rei

121 1053 310 1109 publicae
341 1053 571 1094 Brutorum
602 1067 734 1108 genus
761 1057 805 1094 et
836 1067 988 1093 nomen
1021 1053 1077 1093 ad
1105 1052 1344 1093 libertatem
1370 1051 1509 1106 populi
1534 1049 1713 1090 Romani

122 1119 187 1159 vel
209 1118 546 1159 constituendam
566 1118 629 1158 vel
651 1117 944 1171 recipiendam.
1008 1117 1118 1168 Quid
1147 1116 1277 1171 igitur
1308 1116 1363 1156 D.
1386 1115 1545 1156 Brutus
1566 1115 1616 1154 de
1647 1114 1709 1154 M.

123 1183 311 1224 Antonio
341 1181 572 1236 judicavit?
632 1181 834 1222 Excludit
869 1181 1091 1235 provincia,
1116 1180 1303 1221 exercitu
1330 1179 1509 1229 obsistit,
1535 1178 1714 1218 Galliam

121 1252 257 1288 totam
283 1247 478 1287 hortatur
505 1246 559 1285 ad
590 1245 755 1293 bellurn,
780 1245 912 1299 ipsam
945 1259 1020 1285 sua
1052 1249 1202 1299 sponte
1238 1258 1396 1298 suoque
1424 1242 1582 1297 judicio
1604 1242 1713 1284 exci-

120 1315 268 1352 tatam.
344 1310 388 1350 Si
431 1310 576 1351 consul
613 1309 840 1358 Antonius,
877 1309 1036 1350 Brutus
1076 1309 1239 1350 hostis:
1283 1309 1318 1349 si
1353 1313 1622 1349 conservator
1654 1308 1714 1349 rei

121 1376 313 1430 publicae
347 1376 519 1424 Brutus,
548 1375 682 1416 hostis
708 1375 934 1416 Antonius.
999 1374 1112 1415 Num
1143 1374 1272 1429 igitur
1303 1378 1445 1414 utrum
1478 1373 1626 1413 horum
1658 1373 1714 1413 sit

123 1441 313 1481 dubitare
339 1441 589 1495 possumus?
650 1439 732 1480 IV.
764 1440 909 1494 Atque
945 1444 994 1481 ut
1025 1454 1098 1480 vos
1133 1454 1217 1480 una
1250 1443 1391 1479 mente
1421 1453 1583 1493 unaque
1613 1452 1714 1479 voce

124 1505 315 1546 dubitare
335 1519 408 1546 vos
428 1504 606 1560 negatis,
632 1504 692 1545 sic
713 1505 836 1545 modo
859 1504 1043 1545 decrevit
1074 1509 1246 1545 senatus
1279 1503 1333 1544 D.
1357 1503 1536 1544 Brutum
1559 1503 1714 1558 optimc

123 1571 174 1611 de
196 1585 240 1610 re
261 1570 427 1625 publica
448 1569 610 1620 mereri,
635 1584 762 1624 quum
782 1574 954 1610 senatus
970 1569 1269 1610 auctoritatem
1290 1568 1513 1623 populique
1536 1565 1713 1608 Romani

123 1635 361 1676 libertatem
383 1634 681 1689 imperiumque
704 1634 960 1675 defenderet.
1022 1633 1064 1673 A
1086 1648 1167 1688 quo
1195 1633 1462 1674 defenderet?
1491 1646 1639 1686 nempe
1659 1632 1713 1671 ab

123 1700 244 1740 hoste
260 1714 270 1747 3
302 1713 408 1754 quae
439 1704 505 1739 est
533 1698 642 1739 enim
667 1698 746 1739 alia
775 1699 984 1738 laudanda
1004 1697 1220 1738 defensio?
1279 1696 1490 1751 Deinceps
1521 1696 1713 1736 laudatur

123 1763 336 1818 provincia
373 1763 508 1803 Gallia
542 1762 776 1817 meritoque
810 1766 983 1803 ornatur
1012 1762 1148 1802 verbis
1178 1760 1442 1815 amplissimis
1476 1761 1528 1800 ab
1564 1765 1713 1800 senatu

125 1828 235 1882 quod
265 1827 437 1868 resistat
467 1826 671 1867 Antonio.
734 1827 867 1877 Quem
898 1826 933 1866 si
961 1825 1173 1866 consulem
1203 1825 1271 1865 illa
1300 1825 1512 1880 provincia
1545 1829 1715 1879 putaret

125 1906 258 1946 neque
280 1905 373 1931 eum
394 1891 611 1945 reciperet,
635 1905 787 1945 magno
816 1891 971 1932 scelere
996 1905 1041 1931 se
1061 1890 1316 1945 astringeret
1335 1908 1346 1938 3
1382 1903 1524 1930 omnes
1544 1889 1652 1929 enim
1673 1889 1715 1929 in

127 1955 306 1997 consulis
341 1955 435 2009 jure
471 1959 513 1995 et
543 1954 714 2009 imperio
748 1955 902 1996 debent
934 1969 1023 1995 esse
1059 1954 1306 2009 provinciae.
1378 1953 1518 2008 Negat
1548 1953 1627 1994 hoc
1659 1954 1714 1994 D.

128 2021 287 2061 Brutus
307 2020 545 2074 imperator,
564 2018 707 2060 consul
729 2019 987 2073 designatus,
1006 2023 1132 2059 natus
1152 2019 1211 2059 rei
1232 2018 1423 2073 publicae
1440 2018 1563 2059 civis:
1587 2022 1717 2073 negat

129 2085 277 2133 Gallia,
299 2090 427 2139 negat
449 2088 603 2125 cuncta
626 2083 761 2132 Italia,
783 2089 913 2139 negat
932 2088 1114 2133 senatus,
1133 2082 1298 2138 negatis
1319 2097 1403 2123 vos.
1467 2081 1569 2133 Quis
1588 2082 1717 2136 igitur

128 2151 241 2191 illum
263 2150 472 2191 consulem
493 2148 573 2189 nisi
592 2149 777 2190 latrones
797 2152 947 2203 putant
965 2149 979 2188 ἓ
1040 2148 1301 2202 Quamquam
1322 2162 1374 2188 ne
1395 2147 1423 2187 ii
1438 2146 1618 2202 vquidem
1637 2147 1717 2202 ipsi

129 2215 240 2270 quod
274 2215 501 2269 loquuntur
538 2214 581 2253 id
615 2213 814 2262 sentiunt,
851 2227 928 2254 nec
969 2213 1022 2254 ab
1057 2213 1216 2267 judicio
1253 2212 1434 2253 omnium
1464 2212 1715 2261 mortalium,

130 2279 317 2333 quamvis
338 2279 452 2333 impii
482 2278 713 2332 nefariique
742 2278 838 2327 sint,
861 2278 971 2319 sicut
999 2284 1108 2327 sunt,
1132 2277 1350 2318 dissentire
1382 2282 1571 2332 possunt.
1633 2277 1718 2318 Sed

131 2358 225 2398 spes
257 2343 446 2397 rapiendi
480 2347 608 2397 atque
640 2343 866 2397 praedandi
895 2347 1091 2384 occaecat
1118 2343 1279 2383 animos
1310 2356 1465 2392 eorum,
1500 2356 1604 2396 quos
1634 2356 1717 2382 non

132 2455 210 2485 citae
222 2454 229 2467 ’
247 2454 387 2494 (Halm).
434 2454 607 2484 Lambinus
628 2455 684 2485 has
700 2465 718 2484 a
735 2455 816 2494 good
831 2458 906 2485 note

131 2498 224 2527 here:
250 2500 406 2527 “accerso
432 2507 496 2527 non
524 2507 592 2526 esse
616 2497 762 2527 Latinam
788 2508 905 2534 vocem,

132 2540 186 2570 sed
211 2550 249 2569 ex
277 2549 350 2569 vero
375 2543 406 2569 et
432 2542 517 2569 recto
543 2549 666 2569 arcesso
691 2540 905 2579 depravatum,

132 2582 217 2622 quod
234 2592 339 2612 meum
359 2582 512 2620 judicium
528 2582 677 2621 adjuvant
699 2593 770 2612 cum
786 2587 904 2613 veteres

133 2625 266 2661 codices,
294 2628 331 2654 ut
355 2625 486 2664 quisque
510 2628 557 2654 est
584 2625 732 2663 optimus,
760 2629 828 2655 tum
852 2626 905 2655 ille

133 2667 380 2706 Philippicarum
404 2667 587 2702 Vaticanus,
611 2667 643 2696 in
674 2677 746 2706 quo,
777 2672 813 2697 ut
841 2672 904 2698 tes-

132 2713 241 2740 tantur
268 2710 405 2739 Faernus
430 2712 462 2738 et
488 2709 644 2745 Muretus,
670 2719 824 2749 nusquam
851 2721 904 2750 ap-

132 2756 222 2792 paret
246 2752 346 2782 ullum
362 2752 411 2782 vel
433 2752 653 2782 tenuissimum
671 2752 756 2781 verbi
776 2763 904 2783 accerso

132 2795 311 2834 vestigium,
348 2804 534 2834 semperque
563 2798 595 2824 et
632 2794 748 2833 ubique
780 2805 904 2825 arcesso

137 2838 290 2877 scriptum
307 2836 494 2877 reperitur.'’

180 2881 237 2911 Sic
276 2881 478 2918 arbitrabar]
541 2879 593 2909 He
633 2879 767 2909 receives
817 2889 904 2910 some

949 2455 1045 2485 token
1072 2454 1108 2485 of
1127 2454 1182 2485 the
1203 2454 1343 2494 people's
1363 2458 1479 2491 assent,
1495 2465 1531 2484 or
1552 2454 1593 2484 he
1615 2454 1718 2483 writes

950 2507 984 2527 as
999 2498 1025 2527 if
1036 2498 1061 2527 it
1076 2507 1155 2527 were
1171 2507 1215 2527 so.
1261 2498 1363 2536 Again
1378 2498 1410 2527 in
1427 2498 1480 2527 the
1495 2507 1581 2527 same
1597 2507 1663 2535 way
1677 2496 1718 2525 he

951 2550 1038 2580 says:
1066 2543 1085 2557 ‘⁴
1100 2540 1199 2570 Recte
1214 2543 1247 2570 et
1261 2550 1333 2570 vere
1350 2540 1482 2579 negatis,
1501 2538 1719 2572 Quirites.''—-

951 2586 958 2599 ‘
973 2593 1010 2612 ex
1040 2583 1190 2612 hodierno
1220 2583 1286 2622 ejus
1317 2581 1449 2613 edicto:’
1482 2592 1533 2612 see
1563 2582 1643 2611 Phil.
1673 2581 1717 2610 iii.

949 2635 975 2656 c.
992 2627 1023 2655 4.

993 2670 1024 2697 4.
1048 2669 1082 2697 in
1104 2668 1243 2698 consulis
1258 2668 1337 2706 jure
1361 2670 1391 2697 et
1415 2666 1564 2706 imperio]
1612 2665 1678 2695 Not
1699 2673 1718 2693 a

950 2710 1041 2740 usual
1063 2710 1144 2739 form
1169 2710 1204 2739 of
1223 2710 1334 2746 words,
1351 2710 1409 2739 but
1430 2710 1484 2739 the
1507 2709 1587 2738 form
1610 2707 1646 2737 of
1663 2716 1717 2736 ex-

950 2753 1091 2792 pression
1114 2753 1141 2782 is
1165 2753 1268 2788 usual,
1284 2762 1317 2782 as
1339 2755 1346 2769 ‘
1360 2752 1392 2782 in
1413 2754 1569 2791 potestate
1587 2749 1718 2787 alicujus

950 2795 1038 2830 esse,’
1054 2795 1156 2824 which
1180 2805 1289 2825 means
1312 2798 1345 2825 to
1369 2795 1487 2825 submit
1507 2796 1539 2823 to
1561 2802 1580 2821 a
1594 2801 1666 2820 man
1682 2800 1719 2820 or

948 2841 982 2868 to
998 2837 1219 2877 acknowledge
1235 2837 1284 2868 his
1299 2837 1467 2876 authority.
1506 2835 1565 2864 Pro
1576 2833 1717 2869 Quintio,

948 2890 974 2910 c.
992 2882 1022 2916 2,
1039 2880 1110 2910 Vol.
1126 2880 1158 2910 ii.
