1816 3211
715 207 848 250 CAP.
881 209 947 257 12,
982 210 1048 250 13.
1600 211 1680 251 653

80 320 271 363 Romano
303 326 472 378 gratum
504 336 594 363 esse
618 320 832 370 facturos3
866 321 1050 377 itemque
1071 321 1106 362 si
1127 321 1256 363 ceteri
1283 335 1416 376 reges,
1439 323 1679 364 tetrarchae

81 387 364 441 dynastaeque
386 387 593 435 fecissent,
615 392 804 428 senatum
826 387 1107 442 populumque
1130 386 1367 427 Romanum
1388 401 1534 428 eorum
1555 387 1679 428 officii

79 465 163 491 non
198 451 483 492 immemorem
513 451 724 497 futurum;
773 451 920 506 utique
953 451 999 492 G.
1025 451 1165 492 Pansa
1194 451 1248 493 A.
1274 451 1441 492 Hirtius
1473 452 1676 501 consules,

78 516 187 557 alter
221 518 409 566 ambove,
442 517 478 557 si
509 516 568 557 eis
589 516 810 567 videretur,
834 532 878 557 re
900 517 1065 572 publica
1093 523 1342 572 recuperata
1370 517 1422 557 de
1457 517 1681 571 provinciis

79 576 379 629 consularibus,
417 582 651 636 praetoriis,
683 582 735 621 ad
767 582 877 622 hunc
905 582 1093 622 ordinem
1123 582 1256 637 primo
1290 596 1455 636 quoque
1491 586 1679 637 tempore

77 646 261 687 referant
279 664 289 693 ;
324 646 484 686 interea
511 646 748 700 provinciae
769 647 821 687 ab
842 646 891 687 iis
912 661 936 687 a
958 647 1108 701 quibus
1129 646 1373 687 obtinentur
1394 646 1677 695 obtineantur,

78 711 216 766 quoad
241 710 388 765 cuique
410 725 462 750 ex
484 711 850 752 senatusconsulto
871 726 1111 752 successum
1133 711 1202 752 sit.

136 775 276 816 XIII.
311 775 408 815 Hoc
430 775 794 816 senatusconsulto
822 777 1040 817 ardentem
1071 775 1383 817 inflammabitis
1405 781 1448 817 et
1470 780 1679 817 armatum

75 841 294 881 armabitis
331 840 547 887 Cassium;
582 855 658 881 nec
686 840 795 881 enim
832 841 1017 881 animum
1049 842 1139 895 ejus
1170 841 1352 896 potestis
1379 841 1571 896 ignorare
1600 857 1677 882 nec

75 905 229 961 copias.
290 905 470 946 Animus
491 905 526 946 is
548 911 613 947 est
635 920 756 960 quem
779 905 954 952 videtis;
990 906 1133 961 copiae
1162 921 1266 961 quas
1293 906 1471 947 audistis
1491 907 1614 948 fortis
1635 913 1679 948 et

75 971 308 1013 constantis
328 971 416 1020 viri,
440 971 510 1026 qui
531 986 582 1012 ne
603 971 694 1012 vivo
716 972 883 1027 quidem
905 971 1114 1012 Trebonio
1139 971 1382 1012 Dolabellae
1412 972 1679 1013 latrocinium

74 1036 117 1077 in
153 1036 315 1091 Syriam
354 1042 574 1092 penetrare
615 1036 794 1079 sivisset.
856 1037 1049 1078 Allienus
1084 1036 1301 1077 familiaris
1338 1042 1381 1077 et
1416 1037 1678 1078 necessarius

74 1116 191 1143 meus
216 1107 313 1157 post
344 1101 561 1143 interitum
584 1102 782 1144 Trebonii
810 1103 1025 1158 profectus
1047 1116 1098 1143 ne
1121 1102 1203 1142 dici
1235 1102 1403 1157 quidem
1424 1117 1470 1143 se
1491 1103 1678 1157 legatum

75 1166 319 1208 Dolabellae
343 1167 468 1208 volet.
533 1167 616 1208 Est
639 1167 688 1219 Q.
714 1167 881 1209 Caecilii
915 1167 1050 1217 Bassi,
1083 1167 1237 1222 privati
1266 1167 1375 1208 illius
1401 1168 1580 1222 quidem,
1603 1169 1677 1209 sed

74 1232 195 1273 fortis
216 1237 259 1272 et
280 1231 483 1287 praeclari
504 1232 591 1281 viri,
615 1234 815 1274 robustus
836 1237 880 1274 et
900 1234 1035 1273 victor
1056 1232 1278 1273 exercitus.
1342 1232 1536 1273 Deiotari
1564 1233 1676 1288 regis

74 1303 119 1339 et
146 1297 279 1352 patris
307 1303 351 1339 et
381 1297 454 1338 filii
488 1303 532 1339 et
567 1313 745 1354 magnus
779 1303 822 1339 et
853 1303 1000 1339 nostro
1033 1313 1148 1338 more
1181 1298 1404 1339 institutus
1435 1298 1671 1345 exercitus3

73 1378 236 1404 summa
281 1363 322 1403 in
365 1363 450 1403 filio
492 1377 601 1418 spes,
637 1378 799 1404 summa
840 1363 993 1418 ingenii
1034 1363 1206 1413 indoles,
1240 1377 1486 1417 summaque
1526 1363 1675 1405 virtus.

76 1428 186 1481 Quid
222 1429 273 1469 de
308 1434 429 1484 patre
465 1428 630 1468 dicam?
661 1429 784 1482 cujus
819 1428 1115 1469 benevolentia
1146 1428 1188 1468 in
1218 1427 1413 1482 populum
1439 1428 1675 1470 Romanum

73 1498 139 1534 est
159 1494 288 1548 ipsius
309 1493 492 1548 aequalis
513 1493 643 1534 aetati
664 1509 674 1540 3
710 1492 779 1548 qui
801 1508 884 1533 non
914 1493 1048 1533 solum
1078 1492 1217 1533 socius
1247 1492 1546 1547 imperatorum
1577 1508 1674 1535 nos-

72 1566 233 1601 trorum
260 1560 338 1601 fuit
373 1560 414 1599 in
445 1559 574 1609 bellis,
608 1573 753 1599 verum
788 1558 917 1599 etiam
949 1559 1034 1599 dux
1068 1558 1280 1613 copiarum
1310 1572 1492 1599 suarum.
1556 1560 1673 1611 Quae

73 1626 124 1666 de
156 1625 224 1666 illo
260 1625 346 1665 viro
384 1625 511 1673 Sulla,
543 1639 647 1679 quae
686 1624 880 1672 Murena,
922 1638 1027 1678 quae
1066 1623 1276 1671 Servilius,
1314 1638 1420 1678 quae
1460 1623 1671 1671 Lucullus,

71 1704 196 1745 quam
218 1694 375 1739 ornate,
401 1704 525 1744 quam
547 1689 788 1737 honorifice,
813 1704 937 1744 quam
958 1689 1144 1743 graviter
1165 1703 1290 1742 saepe.
1310 1688 1350 1729 in
1374 1695 1522 1730 senatu
1555 1703 1672 1743 prac-

71 1755 340 1796 dicaverunt?
401 1754 510 1806 Quid
541 1754 593 1795 de
625 1753 701 1794 Cn.
727 1753 930 1808 Pompeio
958 1754 1132 1808 loquar?
1164 1752 1234 1808 qui
1262 1767 1390 1793 unum
1423 1753 1673 1794 Deiotarum

71 1820 113 1860 iu
133 1825 227 1861 toto
248 1820 346 1860 orbe
367 1823 575 1860 terrarum
596 1833 649 1860 ex
669 1818 808 1859 animo
840 1819 1019 1859 amicum
1040 1832 1219 1873 vereque
1252 1817 1511 1868 benevolum,
1543 1833 1672 1859 unum

71 1886 234 1926 fidelem
273 1885 426 1940 populo
469 1885 659 1926 Romano
695 1884 914 1939 judicavit.
978 1883 1155 1924 Fuimus
1196 1883 1472 1938 imperatores
1509 1898 1587 1939 ego
1627 1891 1671 1926 et

75 1951 138 1992 M.
162 1950 336 1992 Bibulus
356 1950 398 1990 in
419 1950 662 2005 propinquis
694 1949 965 2004 finitimisque
997 1948 1234 2004 provinciis.
1297 1949 1368 1989 Ab
1400 1949 1548 1990 eodem
1572 1965 1670 2005 rege

114 2040 293 2079 republica
317 2038 524 2078 recuperata]
572 2038 664 2069 After
679 2038 727 2068 M.
744 2038 847 2068 Anto-

74 2084 146 2114 nius
163 2083 275 2113 should
292 2082 331 2112 be
347 2082 500 2111 defeated.

118 2127 166 2158 13.
192 2136 283 2165 quem
320 2125 448 2164 videtis]
500 2124 659 2154 Ferrarius
696 2133 848 2163 proposes

72 2173 79 2187 ⁸
94 2179 188 2210 quem
210 2168 353 2205 vidistis,’
381 2168 443 2197 and
469 2167 608 2197 Faernus
632 2166 694 2196 and
720 2166 847 2195 Lambi-

71 2222 130 2242 nus
146 2222 283 2252 approve
302 2211 337 2240 of
359 2211 412 2240 the
432 2211 608 2240 alteration.
656 2213 662 2226 ¹
679 2210 781 2242 Quem
799 2209 842 2238 vi-

70 2255 179 2285 distis’
197 2255 303 2289 refers,
319 2264 353 2284 as
370 2254 443 2293 they
469 2253 660 2283 understand
677 2254 710 2288 it,
734 2257 766 2281 to
790 2252 844 2281 the

71 2299 160 2338 spirit
175 2298 276 2328 which
294 2297 420 2327 Cassius
439 2297 563 2326 showed
581 2306 622 2325 on
644 2295 698 2325 the
724 2295 794 2324 Ides
811 2294 847 2323 of

70 2341 194 2371 March.
241 2341 406 2371 Manutius
430 2339 571 2379 explains
587 2339 641 2368 the
657 2342 742 2367 text:
770 2342 776 2354 ¹
790 2337 842 2376 qui

70 2384 164 2414 nullis
186 2384 357 2414 instructus
383 2383 480 2421 copiis
503 2392 540 2412 eo
565 2386 670 2411 tamen
689 2391 726 2410 ex
752 2380 844 2410 Italia

70 2427 228 2466 profectus
258 2426 388 2456 consilio
414 2426 454 2455 sit
478 2429 513 2454 ut
543 2425 725 2464 prohiberet
756 2423 845 2462 syria

71 2468 292 2499 Dolabellam!
339 2468 494 2507 Compare
525 2478 551 2497 c.
578 2469 639 2497 12:
666 2466 782 2499 “Quid
806 2466 843 2496 C.

69 2512 230 2547 Cassius,’'
249 2514 306 2541 &c.

111 2556 260 2584 Allienus
286 2577 293 2584 .
312 2576 319 2583 .
338 2576 345 2582 .
371 2552 583 2591 necessarius]
632 2551 671 2582 A.
698 2551 842 2581 Allienus

69 2607 131 2627 was
143 2607 160 2626 a
175 2597 311 2634 Legatus
323 2596 358 2625 of
371 2596 411 2628 Q.
424 2596 533 2625 Cicero
550 2595 581 2624 in
598 2595 683 2624 Asia.
721 2594 770 2623 lle
781 2603 842 2624 was

70 2644 195 2680 praetor
210 2640 242 2668 in
262 2648 324 2669 n.c.
342 2640 382 2668 49
400 2638 464 2677 (Ad
480 2639 546 2667 Att.
564 2647 594 2667 x.
617 2637 680 2675 15).
694 2637 754 2666 and
769 2647 839 2676 pro-

71 2688 196 2722 praetor
219 2682 254 2711 of
275 2682 367 2720 Sicily
385 2681 415 2710 in
435 2690 497 2710 1¹·C.
516 2683 566 2711 ⁴⁸.
615 2680 713 2709 Orelli
731 2684 842 2719 quotes

70 2725 191 2756 Eckhel
216 2725 263 2754 for
279 2735 296 2754 a
313 2724 414 2753 medal
442 2723 541 2752 which
567 2723 663 2752 refers
688 2727 720 2752 to
746 2723 842 2752 Allie-

71 2768 140 2798 nus'
172 2767 431 2808 proconsnlship:
459 2775 487 2796 c.
523 2775 619 2795 caus.
659 2775 733 2795 ιΜν.
769 2775 840 2795 cosa

71 2821 231 2841 [TER—A.
252 2819 438 2839 ALLnssxvs.
463 2818 603 2838 vnocos‘.
651 2809 765 2838 Caesar
782 2818 843 2838 was

71 2854 143 2885 Cos.
169 2854 238 2883 iter.
271 2853 302 2882 in
336 2862 398 2882 u.c.
425 2854 476 2882 4⁸.
523 2852 665 2881 Allienus
694 2861 753 2881 was
777 2852 842 2880 also

69 2900 255 2936 propraetor
267 2896 303 2925 ot*
317 2895 410 2934 Sicily
423 2895 454 2924 in
474 2903 536 2924 ΒΛ).
551 2895 602 2929 47,
616 2895 657 2923 46
672 2893 737 2933 (De
756 2894 843 2924 Bello

70 2939 229 2976 Africano,
251 2949 278 2969 e.
297 2938 342 2979 2),
367 2938 429 2968 and
454 2937 493 2967 he
517 2947 587 2976 may
604 2937 682 2967 have
705 2937 767 2967 had
790 2937 844 2967 the

892 2038 961 2068 title
991 2037 1028 2067 of
1055 2038 1232 2077 proconsul.
1278 2038 1382 2068 There
1419 2048 1472 2068 are
1494 2040 1555 2068 two
1581 2039 1670 2070 short

892 2081 1001 2110 letters
1027 2081 1062 2110 of
1083 2081 1192 2111 Cicero
1216 2084 1249 2110 to
1266 2081 1409 2111 Allienus
1430 2081 1494 2120 (Ad
1512 2082 1584 2111 Div.
1603 2083 1666 2112 xiii.

893 2126 944 2159 78,
968 2123 1034 2163 79),
1052 2124 1176 2154 written
1197 2124 1229 2153 in
1249 2133 1313 2154 13.c.
1339 2126 1390 2159 ⁴6,
1415 2124 1505 2153 when
1523 2124 1667 2155 Allienus

894 2176 954 2196 was
970 2167 1001 2195 in
1020 2167 1125 2206 Sicily.

929 2208 1095 2248 profectus
1112 2209 1166 2248 ne]
1204 2208 1364 2247 ‘profecto
1381 2208 1439 2238 ne’
1459 2209 1531 2239 Gul.
1547 2209 1664 2245 Christ,

887 2251 950 2281 and
974 2252 1135 2281 Halm—⁸
1152 2250 1272 2281 Bassiz’
1297 2262 1347 2281 see
1375 2251 1432 2280 Pro
1460 2252 1618 2288 Deiotaro,
1637 2263 1663 2283 c.

889 2296 918 2330 8,
932 2294 994 2324 and
1005 2294 1058 2323 the
1071 2297 1210 2324 notc.—‘
1224 2294 1364 2324 Deiotari
1378 2294 1396 2323 :'
1410 2304 1461 2324 see
1473 2295 1527 2324 the
1542 2295 1662 2326 Introd.

888 2341 921 2367 to
938 2337 992 2366 the
1008 2338 1130 2366 oration
1151 2337 1208 2366 Pro
1228 2337 1440 2367 Deiotaro.—⁴
1453 2342 1560 2367 nostro
1577 2349 1663 2368 inore

888 2380 1083 2409 institutus:'
1111 2380 1252 2410 ‘trained
1269 2381 1348 2410 after
1366 2380 1489 2410 Roman
1516 2381 1662 2411 fashion.’

888 2423 991 2453 There
1006 2424 1031 2452 is
1045 2427 1052 2438 ⁴
1064 2423 1235 2453 instructus
1248 2422 1254 2435 ¹
1268 2423 1299 2453 in
1313 2433 1400 2453 some
1413 2424 1536 2462 printed
1551 2424 1661 2454 books.

888 2466 957 2495 The
975 2465 1193 2495 Introduction
1217 2471 1249 2495 to
1274 2467 1327 2496 the
1343 2468 1463 2496 oration
1491 2467 1549 2496 Pro
1568 2468 1661 2497 Deio-

888 2512 956 2538 taro
984 2508 1045 2538 and
1067 2509 1120 2538 the
1144 2513 1234 2539 notes
1261 2510 1386 2539 contain
1410 2509 1450 2539 all
1477 2510 1545 2539 that.
1566 2511 1591 2540 is
1608 2521 1661 2541 ne-

886 2561 1007 2591 cessary
1025 2551 1071 2581 for
1094 2551 1149 2581 the
1170 2552 1370 2591 explanation
1387 2552 1422 2582 of
1440 2553 1523 2583 what
1546 2554 1572 2582 is
1596 2554 1661 2584 said

886 2594 921 2624 of
935 2595 1103 2624 Deiotarus
1120 2596 1150 2624 in
1168 2596 1230 2625 this
1247 2595 1387 2635 chapter.

930 2647 985 2676 eye
1015 2641 1044 2667 ee
1076 2638 1123 2667 M.
1154 2639 1305 2678 Bibulus]
1355 2639 1464 2668 Cicero
1495 2639 1525 2668 in
1552 2639 1661 2669 Cilicia

889 2689 952 2710 n.c.
971 2681 1006 2710 51
1027 2681 1089 2710 and
1112 2681 1158 2710 M.
1184 2681 1374 2720 Calpurnius
1401 2681 1530 2711 Bibulus
1554 2682 1584 2710 in
1603 2684 1660 2720 Sy-

887 2723 942 2752 ria.
980 2724 1026 2753 As
1050 2727 1083 2753 to
1105 2723 1243 2753 Cicero's
1268 2725 1443 2754 connexion
1467 2725 1539 2753 with
1568 2725 1660 2753 Deio-

887 2770 974 2796 tarus
1004 2766 1118 2805 during
1156 2767 1204 2796 his
1243 2767 1372 2797 Cilician
1410 2767 1659 2806 proconsulship,

888 2818 938 2838 sec
962 2809 1016 2839 the
1042 2810 1164 2839 oration
1195 2810 1253 2839 Pro
1288 2810 1444 2839 Deiotaro.
1497 2810 1660 2838 Drumann

887 2851 1034 2881 observes
1051 2852 1255 2891 (Geschichte
1273 2853 1381 2885 Roms,
1399 2853 1429 2880 ii.
1444 2853 1494 2886 97,
1514 2858 1586 2880 note
1603 2852 1660 2891 62)

887 2894 956 2924 that
973 2895 1088 2925 Caesar
1105 2895 1157 2935 (Β.
1173 2896 1208 2925 C.
1226 2896 1268 2925 iii.
1286 2896 1332 2931 5),
1356 2895 1464 2924 Cicero
1482 2895 1535 2933 (ln
1555 2895 1661 2924 Yatin.

888 2947 914 2968 c.
932 2937 978 2978 9),
999 2938 1061 2967 and
1087 2938 1256 2968 Suetonius
1282 2937 1423 2977 (Caesar,
1439 2947 1465 2966 c.
1492 2937 1543 2976 19)
1570 2947 1663 2968 name
