1816 3211
653 133 784 175 GAP.
819 135 884 184 10,
920 105 986 174 ii,
1535 136 1614 179 173

27 262 128 297 cam,
161 247 236 287 sed
265 260 317 286 ne
347 246 491 301 lugere
520 246 686 301 quidem
719 246 891 293 liceret3
926 259 1054 300 quum
1075 245 1175 286 civis
1197 244 1244 293 is,
1268 259 1392 299 quem
1416 246 1483 287 hic
1515 248 1616 287 ordo

23 310 278 352 assentiente
303 310 428 351 Italia
455 311 699 365 cunctisque
729 310 928 364 gentibus
960 314 1298 350 conservatorem
1328 309 1489 363 patriae
1506 310 1617 363 judi-

23 380 153 423 carat,
195 375 305 414 nullo
337 375 505 428 judicio,
539 374 650 414 nulla
682 374 787 428 lege,
824 374 936 414 nullo
969 388 1097 423 more,
1135 373 1306 414 servit-io
1337 378 1464 427 atque
1491 374 1619 414 armis

25 439 261 494 pelleretur,
297 453 379 478 non
416 439 551 479 dicam
584 438 738 478 auxilio
771 442 923 487 vestro,
962 438 1073 492 quod
1106 452 1199 477 vere
1234 437 1331 477 licet
1362 437 1512 486 dicere,
1544 439 1619 478 sed

24 507 138 543 certe
160 502 353 549 silenti03
389 508 480 543 tum
512 503 672 543 Rornae
702 502 829 542 fuisse
863 501 1053 542 consules
1085 502 1300 556 quisquam
1333 502 1619 543 existimabit}

27 567 108 619 Qui
143 566 327 607 latrones
362 567 500 621 igitur,
540 567 575 607 si
610 566 777 621 quidem
808 580 882 605 vos
919 566 1139 606 consules?
1170 566 1238 620 qui
1271 566 1515 620 praedones,
1551 567 1620 621 qui

25 631 183 679 hostes,
207 630 278 684 qui
299 631 548 685 proditores,
585 630 654 685 qui
685 629 851 684 tyranni
880 630 1230 670 nominabuntur?
1292 630 1378 671 XI.
1414 631 1620 685 Magnum

25 709 177 735 nomen
198 699 277 743 est,
310 709 463 749 magna
494 695 666 749 species,
700 708 851 748 magna
882 693 1078 747 dignitas,
1110 708 1263 748 magna
1293 695 1494 748 majestas
1525 710 1620 736 con-

26 759 151 800 sulis:
187 773 270 798 non
299 759 470 813 capiunt
502 758 721 812 angustiae
752 757 937 811 pectoris
969 758 1044 806 tui,
1074 773 1158 798 non
1185 758 1334 812 recipit
1355 758 1503 799 levitas
1524 759 1618 808 ista,

25 838 109 864 non
139 828 304 876 egestas
334 823 473 872 animi,
508 837 590 863 non
620 821 841 862 infirmitas
873 821 1027 876 ingenii
1062 822 1256 870 sustinet,
1293 837 1375 862 non
1403 823 1623 864 insolentia

26 902 166 929 rerum
204 887 481 927 secundarum
512 892 677 927 tantam
709 900 942 940 personam,
973 891 1061 926 tam
1091 901 1274 941 gravem,
1303 891 1390 927 tam
1422 902 1621 929 severam.

29 951 218 1006 Seplasia
238 967 304 992 me
326 952 505 999 hercule,
528 957 576 992 ut
598 951 679 991 dici
701 951 932 1000 audiebam,
952 956 1007 1000 te,
1031 956 1080 992 ut
1101 951 1278 1005 primum
1300 952 1477 1006 aspexit,
1503 953 1622 993 Cam-

26 1031 180 1071 panum
222 1016 432 1056 consulem
484 1015 729 1070 repudiavit.
791 1014 1002 1056 Audierat
1053 1015 1210 1056 Decios
1263 1016 1444 1071 Magios,
1488 1022 1532 1058 et
1571 1018 1622 1057 de

27 1080 193 1120 Taurea
214 1080 282 1120 illo
306 1079 487 1120 Vibellio
508 1079 663 1134 aliquid
684 1084 931 1133 acceperat3
967 1079 1008 1119 in
1033 1080 1186 1134 quibus
1216 1080 1251 1120 si
1275 1081 1509 1122 moderatio
1540 1082 1619 1131 illa,

26 1143 194 1198 quaein
215 1144 371 1184 nostris
404 1144 512 1184 solet
542 1158 635 1184 esse
667 1143 917 1193 consulibus,
951 1158 1034 1184 non
1062 1144 1152 1194 fuit,
1186 1148 1231 1184 at
1256 1143 1335 1185 fuit
1356 1159 1520 1199 pompa,
1544 1146 1623 1186 fuit

27 1208 201 1262 species,
224 1208 303 1249 fuit
326 1209 515 1248 incessus
546 1208 696 1248 saltem
729 1207 918 1261 Seplasia
940 1208 1090 1261 dignus
1112 1213 1156 1248 et
1179 1207 1335 1262 Capua.
1399 1209 1622 1250 Gabinium

27 1272 203 1327 denique
224 1272 258 1312 si
280 1272 482 1313 vidissent
504 1271 768 1312 duumvirum
795 1272 925 1312 vestri
947 1272 1003 1312 illi
1033 1272 1312 1326 unguentarii,
1345 1273 1468 1313 citius
1495 1288 1621 1328 agno-

27 1337 198 1377 vissent.
263 1337 401 1377 Erant
433 1337 490 1376 illi
526 1336 681 1390 compti
710 1336 860 1390 capilli,
894 1341 938 1377 et
968 1337 1185 1378 madentes
1218 1337 1502 1378 cincinnorum
1534 1338 1621 1378 fim-

27 1401 141 1442 briae
177 1406 220 1442 et
260 1401 438 1442 fluentes
479 1406 801 1455 cerussataeque
842 1402 1012 1450 buccae,
1055 1402 1206 1456 dignae
1248 1402 1402 1456 Capua,
1439 1403 1513 1443 sed
1554 1403 1622 1443 illa

26 1471 181 1506 vetere.
254 1465 362 1505 Nam
409 1465 511 1505 haec
553 1465 730 1519 quidem,
775 1479 880 1519 quae
920 1480 1029 1506 nunc
1074 1471 1150 1514 est,
1193 1466 1622 1521 splendidissimorum

27 1530 252 1578 hominum,
305 1529 629 1570 fortissimorum
685 1529 880 1579 virorum,
933 1529 1185 1584 optimorum
1237 1530 1388 1570 civium
1437 1531 1621 1586 mihique

27 1594 374 1634 amicissimorum
403 1592 671 1633 multitudine
701 1593 934 1642 redundat3
970 1608 1146 1648 quorum
1178 1593 1344 1648 Capuae
1366 1600 1408 1636 te
1430 1602 1620 1649 praetex-

28 1663 164 1700 tatum
186 1672 305 1698 nemo
327 1657 493 1712 aspexit
515 1656 584 1711 qui
611 1671 694 1697 non
725 1662 913 1711 gemeret
944 1658 1148 1698 desiderio
1176 1659 1268 1706 mei,
1304 1659 1422 1712 cujus
1450 1660 1620 1700 consilio

29 1737 154 1777 quum
174 1722 407 1762 universam
428 1736 515 1762 rem
537 1721 758 1775 publicam,
781 1726 872 1762 tum
893 1722 1004 1762 illam
1026 1721 1158 1776 ipsam
1179 1724 1324 1763 urbem
1346 1724 1622 1764 meminerant

28 1801 120 1827 esse
160 1791 383 1827 servatam.
447 1786 521 1826 Me
571 1786 764 1826 inaurata
812 1790 956 1827 statua
1005 1786 1239 1834 donarant3
1283 1801 1348 1827 me
1399 1793 1621 1842 patronum

74 1900 123 1930 ll.
148 1902 270 1930 tantam
288 1899 477 1938 personam]
504 1901 557 1929 ‘so
581 1901 668 1939 great
690 1908 709 1928 a
724 1898 797 1928 cha·
844 1902 852 1916 ‘
868 1899 993 1935 Decios,
1007 1899 1133 1939 Magios
1145 1899 1165 1936 ;'
1178 1899 1236 1929 but
1248 1899 1327 1939 Livy
1339 1899 1439 1940 (xxiii.
1452 1900 1485 1941 7)
1497 1902 1619 1932 writes:

28 1941 149 1978 racter,'
172 1952 206 1972 as
230 1941 284 1972 the
313 1942 473 1971 character
497 1941 560 1972 and
597 1942 687 1972 office
713 1941 748 1971 of
782 1951 801 1971 a
845 1944 865 1959 “
879 1942 995 1972 Decius
1012 1942 1149 1981 Magius,
1166 1943 1213 1972 vir
1228 1943 1277 1972 cui
1289 1942 1308 1956 ”
1326 1946 1382 1973 &c.

29 1985 149 2015 consul.
887 1985 1006 2023 compti
1036 1985 1162 2024 capilli]
1205 1985 1263 2014 See
1286 1995 1312 2015 c.
1331 1987 1415 2015 8.-ι
1429 1990 1620 2016 cerussatae-

74 2026 235 2066 Seplasia]
271 2029 290 2044 ·‘
309 2027 437 2056 Dictum
468 2030 516 2056 est
545 2027 577 2056 in
608 2026 802 2057 dissuasione

28 2069 106 2108 legis
121 2069 269 2108 Agrariae
292 2069 375 2108 apud
400 2069 552 2108 populum
576 2069 713 2108 plateam
733 2079 802 2099 esse

30 2111 166 2151 Capuae,
191 2121 271 2150 quae
298 2111 437 2150 Seplasia
461 2111 646 2150 appellatur,
677 2112 710 2141 in
741 2121 803 2151 qua

29 2154 227 2192 unguentarii
240 2154 390 2192 negotiari
401 2154 464 2182 sint
480 2153 590 2183 soliti'’
607 2153 804 2194 (Asconius).

32 2196 90 2226 See
112 2196 171 2225 Pro
196 2196 307 2230 Sestio,
325 2206 352 2224 c.
378 2197 416 2231 83
441 2196 489 2224 De
506 2196 581 2234 Leg.
601 2197 711 2235 Agrar.
729 2197 759 2226 ii.
777 2207 804 2226 c.

31 2239 82 2268 34.
95 2241 137 2259 —‘
152 2238 349 2276 Campanum
366 2238 525 2267 consulem
539 2237 558 2267 :¹
587 2238 656 2267 Piso
669 2248 730 2268 was
746 2249 806 2268 one

31 2280 67 2309 of
89 2279 144 2309 the
175 2280 339 2309 Duumviri
379 2280 411 2309 in
442 2280 496 2310 the
534 2290 601 2310 new
631 2281 742 2320 colony
772 2281 809 2310 of

32 2321 141 2360 Capua
157 2321 233 2360 (Pro
257 2322 369 2357 Sestio,
387 2332 412 2351 c.
441 2324 470 2358 8,
495 2323 556 2352 and
581 2323 636 2352 the
659 2323 804 2363 note).—

34 2364 191 2393 ‘Vibellio
206 2363 224 2392 :'
272 2367 292 2380 “
307 2364 442 2394 Vibellio
481 2364 528 2395 G:
566 2366 598 2395 in
637 2366 716 2395 bello
757 2366 800 2395 E:

32 2407 167 2436 uibullio
198 2405 254 2436 M:
291 2407 444 2436 Iubellio:
493 2407 527 2436 F.
547 2407 578 2437 S.
649 2408 804 2438 Vibellius

32 2448 129 2478 habet
155 2447 233 2478 Cod.
267 2448 424 2478 Puteanus
456 2449 524 2479 Liv.
552 2450 638 2480 xxiii.
656 2452 675 2480 8
692 2455 723 2480 et
751 2452 802 2487 46,

32 2491 114 2521 xxvi.
135 2492 183 2525 15,
202 2490 395 2520 Nazarianus
411 2491 442 2520 in
467 2491 624 2522 Periochis
652 2492 732 2522 Livii
747 2492 802 2522 lib.

35 2534 85 2569 12,
101 2533 233 2562 vibellus
250 2533 417 2563 Bernensis
432 2533 548 2563 Valerii
562 2534 694 2564 Maximi
710 2535 752 2564 iii.
770 2537 800 2564 2.

33 2575 108 2605 Ext.
129 2576 155 2604 l.
188 2574 236 2604 Cf.
253 2575 344 2613 impr.
363 2575 461 2605 Inscr.
480 2576 580 2615 Neap.
597 2577 646 2607 ed.
662 2577 802 2606 Momm-

34 2627 89 2647 sen
106 2627 136 2646 n.
155 2618 249 2653 3428,
267 2617 319 2646 uhi
343 2621 389 2647 est
412 2627 526 2647 nomen
549 2619 580 2647 in
603 2619 694 2648 titulo
711 2619 803 2649 Cam-

34 2669 117 2699 pano
148 2663 179 2688 et
209 2669 241 2689 n.
273 2662 344 2689 855.
392 2659 494 2688 Etiam
525 2670 619 2698 supra
650 2661 698 2690 De
722 2661 806 2699 Lege

35 2702 167 2740 Agraria
182 2702 213 2730 ii.
227 2712 253 2731 c.
272 2704 311 2731 34
334 2702 484 2731 Vibellios
494 2702 690 2731 scribendum
707 2707 774 2732 erat
785 2703 804 2716 ’¹

37 2742 177 2783 (Halm).
224 2744 378 2783 Compare
394 2744 440 2772 Dc
454 2744 535 2782 Lege
552 2744 681 2782 Agraria
696 2745 726 2773 ii.
744 2746 784 2775 34
799 2757 806 2774 :

39 2789 59 2804 ⁴⁴
75 2785 214 2816 Blossios
227 2787 304 2816 mihi
320 2786 446 2815 videbar
458 2786 527 2815 illos
539 2786 641 2815 videre
651 2786 806 2816 acJubel-

38 2827 98 2858 lios
109 2828 140 2865 ;'’
164 2828 227 2859 and
243 2828 296 2859 the
321 2832 407 2859 note.
454 2829 547 2858 Some
573 2828 709 2858 editions
729 2828 808 2860 have

846 2037 908 2067 que
920 2026 939 2056 :’
956 2027 1004 2056 ed.
1017 2027 1161 2057 Juntina.
1191 2027 1286 2057 Halm
1298 2038 1368 2066 says
1385 2029 1622 2068 “pulsataeque

847 2069 940 2099 codd.
958 2074 994 2099 ut
1010 2070 1134 2100 videtur
1147 2079 1256 2099 omnes
1271 2074 1303 2099 et
1319 2070 1389 2100 edd.
1407 2071 1508 2100 vett.’'

890 2113 946 2142 illa
976 2113 1094 2152 vetere]
1122 2112 1185 2142 Old
1215 2112 1333 2151 Capua.
1375 2113 1430 2142 the
1459 2113 1620 2142 luxurious

851 2154 923 2193 city.
972 2157 979 2170 ‘
992 2154 1075 2184 Nam
1107 2155 1182 2184 haec
1215 2155 1342 2194 quidem
1357 2155 1363 2167 '
1404 2156 1429 2185 is
1468 2156 1522 2185 the
1552 2166 1620 2185 new

851 2196 969 2236 Capua,
986 2196 1022 2227 C.
1041 2197 1182 2227 Caesar’s
1199 2198 1330 2231 colonia.
1350 2207 1412 2227 ac.
1431 2200 1471 2229 59
1498 2199 1619 2232 ,Quum

851 2239 991 2274 Senatui,
1023 2249 1049 2269 c.
1082 2241 1130 2274 ll,
1159 2242 1257 2277 note).
1305 2241 1395 2279 Pliny
1421 2240 1499 2279 (xiii.
1531 2251 1557 2270 c.
1589 2243 1619 2273 4.

849 2281 967 2321 quoted
988 2281 1029 2320 by
1045 2281 1190 2321 Abrami)
1217 2293 1297 2322 says,
1323 2284 1393 2312 that
1420 2284 1529 2322 Capua
1558 2293 1621 2312 was

848 2323 952 2353 famed
969 2324 1016 2353 for
1031 2324 1071 2354 its
1089 2328 1096 2341 ‘
1108 2325 1289 2363 unguenta!
1336 2325 1389 2355 Oil
1404 2325 1439 2355 of
1458 2336 1543 2355 rosc-s
1560 2336 1621 2355 was

849 2366 939 2396 made
963 2367 995 2396 in
1026 2366 1200 2406 Campania
1216 2379 1222 2396 :
1251 2368 1447 2397 “Terrarum
1479 2369 1619 2397 omnium

847 2409 1011 2448 Aegyptus
1026 2409 1351 2440 accommodatissima
1367 2411 1555 2449 unguentis:
1580 2411 1619 2440 ab

847 2461 885 2481 ea
900 2451 1073 2490 Campania
1088 2455 1135 2481 est
1148 2453 1238 2491 copia
1254 2452 1377 2482 rosae.’'

892 2495 1043 2523 inaurata
1055 2494 1180 2533 statua]
1201 2496 1310 2524 Statue
1323 2495 1450 2533 making
1466 2495 1621 2525 becumen

847 2545 992 2565 common
1006 2536 1138 2566 fashion.
1151 2537 1245 2575 (Plin.
1257 2538 1361 2567 xxxiv.
1375 2541 1406 2568 Δ.
1420 2537 1465 2576 (i.)
1476 2538 1544 2568 The
1558 2538 1619 2566 Rc»-

848 2588 937 2607 mans
950 2579 1023 2608 took
1035 2579 1059 2608 it
1071 2579 1413 2614 fronxtheGroeks‚and
1425 2591 1470 2609 we
1481 2581 1558 2609 have
1569 2581 1621 2608 th«-

848 2620 962 2650 absurd
979 2621 1114 2659 practice
1138 2622 1174 2651 of
1194 2623 1310 2660 setting
1334 2633 1375 2661 up
1399 2623 1504 2656 things
1521 2623 1619 2650 which

850 2663 921 2692 look
939 2673 1025 2693 more
1040 2663 1102 2693 like
1117 2673 1135 2692 a
1152 2674 1247 2702 negro
1263 2665 1339 2694 than
1358 2676 1417 2704 any
1442 2665 1531 2701 thing
1547 2665 1618 2692 vlso.

851 2704 988 2734 Cicero's
1012 2716 1073 2734 was
1097 2706 1210 2744 gilded,
1227 2707 1327 2736 which
1355 2708 1380 2735 is
1403 2718 1442 2736 an
1468 2707 1619 2744 impr-ou·-

852 2750 949 2782 ment,
970 2747 998 2776 if
1010 2748 1063 2777 the
1079 2752 1180 2778 statue
1196 2749 1221 2778 is
1238 2749 1337 2778 worth
1362 2749 1487 2784 lacking
1503 2752 1543 2776 ut.
1594 2746 1624 2774 lt·

850 2789 875 2818 it
890 2789 916 2818 is
932 2793 998 2825 not,
1015 2790 1069 2819 the
1085 2790 1192 2820 dirtier
1210 2791 1272 2821 and
1296 2791 1421 2820 blm-ker
1444 2790 1496 2818 the
1519 2788 1620 2816 borm-

851 2830 926 2861 itis.
974 2832 1090 2871 People
1111 2836 1165 2872 get
1187 2832 1387 2863 accustomed
1412 2836 1467 2861 not
1491 2835 1523 2859 to
1547 2829 1619 2858 look
