1816 3211
671 179 823 223 OAP.
858 183 981 225 7—9.
1554 186 1627 226 611

47 310 175 350 quum
193 295 248 336 ad
271 294 529 337 Antiochum
549 311 692 352 regem
711 296 876 351 legatus
896 294 1049 336 missus
1080 299 1206 346 esset,
1230 300 1274 337 et
1293 297 1429 338 verbis
1460 303 1633 338 senatus

45 361 282 402 nuntiasset
303 367 352 403 ut
370 363 423 403 ab
445 362 700 404 Alexandria
728 362 961 402 discederet
981 375 1105 416 quam
1127 361 1359 411 obsidebat,
1384 377 1510 417 quum
1530 368 1634 403 tem-

45 441 125 481 pus
145 426 211 467 ille
233 427 428 478 differret,
452 429 611 482 virgula
631 433 815 469 stantem
836 426 1166 481 circumscripsit
1194 427 1382 482 dixitque
1410 443 1454 468 se
1486 443 1636 468 renun-

45 490 249 532 tiaturum
275 493 452 543 senatui,
484 493 564 534 nisi
596 493 710 548 prius
742 492 822 533 sibi
858 491 1144 546 respondisset
1176 493 1274 547 quid
1303 493 1494 535 facturus
1523 498 1636 534 esset

46 570 169 611 quam
204 571 256 597 ex
291 556 360 597 illa
393 558 776 613 circumscriptione
810 557 979 598 exisset.
1043 556 1287 598 Praeclare:
1321 565 1491 600 senatus
1523 558 1634 599 enim

45 621 195 662 faciem
216 636 356 662 secum
376 623 580 664 attulerat
599 622 980 677 auctoritatemque
1000 622 1141 676 populi
1164 622 1356 672 Romani,
1375 623 1440 664 cui
1463 623 1531 679 qui
1552 637 1636 663 non

44 690 176 740 paret,
199 700 282 726 non
302 687 355 726 ab
377 701 426 727 eo
448 688 645 728 mandata
664 687 907 742 accipienda
928 693 1038 737 sunt,
1063 686 1134 727 sed
1157 687 1243 741 ipse
1266 693 1332 728 est
1352 688 1493 742 potius
1513 702 1637 742 repu—

46 750 236 792 diandus.
296 752 368 791 An
398 766 474 806 ego
494 753 547 792 ab
568 766 617 792 eo
637 752 837 792 mandata
872 751 1107 805 acciperem
1129 751 1199 805 qui
1230 759 1401 793 senatus
1431 753 1631 793 mandata

46 817 358 857 contemneret?
388 820 462 857 aut
475 816 511 856 ei
528 831 623 857 cum
643 821 790 857 senatu
814 816 1039 870 quidquam
1061 829 1278 857 commune
1295 817 1541 870 judicarem,
1565 817 1635 872 qui

46 880 340 936 imperatorem
379 881 520 936 populi
561 881 741 922 Romani
781 886 931 921 senatu
973 879 1222 934 prohibente
1272 881 1514 922 obsideret?
1573 883 1638 923 At

47 960 153 1000 quae
184 947 408 988 mandata!
441 961 524 1002 qua
554 946 824 1002 arrogantia!
860 959 942 1000 quo
968 948 1166 999 stupore!
1201 960 1282 1000 quo
1311 946 1487 1001 spiritu!
1553 945 1638 987 Cur

45 1015 185 1052 autem
220 1026 269 1051 ea
300 1011 451 1066 legatis
486 1012 641 1052 nostris
677 1011 817 1061 dabat,
847 1025 974 1065 quum
1009 1011 1063 1050 ad
1096 1025 1173 1051 nos
1211 1010 1403 1065 Cotylam
1433 1011 1636 1060 mitteret,

46 1081 335 1116 ornamentum
361 1082 486 1132 atque
513 1091 653 1118 arcem
682 1076 910 1117 amicorum
938 1089 1119 1125 suorum,
1143 1075 1352 1117 hominem
1373 1076 1638 1117 aedilicium?

46 1140 81 1181 si
101 1155 199 1181 vero
219 1146 311 1182 tum
329 1141 410 1183 fuit
433 1142 591 1192 aedilis,
624 1156 754 1196 quum
785 1155 880 1181 eum
899 1140 1022 1194 jussu
1044 1140 1223 1181 Antonii
1244 1140 1286 1181 in
1308 1141 1493 1182 convivio
1529 1140 1638 1183 servi

46 1205 200 1260 publici
221 1205 320 1246 loris
341 1206 596 1247 ceciderunt.
632 1207 696 1247 At
716 1220 842 1261 quam
863 1205 1054 1246 modesta
1074 1206 1272 1246 mandata
1292 1210 1300 1247 l
1335 1206 1457 1247 ferrei
1478 1221 1635 1256 sumus,

46 1274 190 1324 patres
226 1270 463 1325 conscripti,
493 1271 562 1325 qui
599 1270 824 1325 quidquam
860 1269 955 1310 huic
982 1283 1196 1323 negemus.
1259 1269 1521 1325 ‘Utramque
1542 1284 1636 1326 pro-

47 1334 252 1384 vinciam‚'
287 1334 434 1390 inquit,
473 1335 695 1376 ‘remitto:
731 1333 962 1375 exercitum
985 1334 1170 1388 depono:
1205 1335 1394 1389 privatus
1428 1350 1519 1376 esse
1552 1349 1634 1375 non

47 1414 197 1441 recuso
216 1401 242 1447 ς’
283 1402 386 1441 haec
418 1406 518 1443 sunt
552 1401 663 1442 enim
690 1401 827 1442 verba.
888 1399 1041 1440 Redire
1071 1400 1125 1440 ad
1155 1415 1200 1441 se
1225 1400 1401 1441 videtur.
1464 1400 1639 1442 ‘Omnia

48 1464 278 1515 obliviscor,
312 1465 354 1506 in
388 1466 570 1521 gratiam
602 1465 755 1506 redeo?
817 1464 901 1505 Sed
938 1464 1036 1519 quid
1067 1465 1286 1520 adjungit?
1321 1466 1377 1506 ‘si
1404 1466 1638 1521 legionibus

46 1529 152 1570 meis
186 1544 272 1580 sex,
306 1530 340 1570 si
368 1531 589 1586 equitibus,
623 1530 658 1571 si
689 1529 852 1571 cohorti
893 1529 1129 1585 praetoriae
1169 1530 1368 1584 praedam
1407 1545 1639 1586 agrumque

48 1595 275 1637 dederitis?
335 1595 418 1636 His
449 1595 576 1637 etiam
611 1595 795 1650 praemia
830 1593 1031 1650 postulat,
1062 1594 1211 1648 quibus
1243 1599 1292 1635 ut
1326 1594 1568 1649 ignoscatur
1602 1595 1638 1636 si

46 1660 245 1714 postulet,
280 1659 666 1714 impudentissimus
697 1659 922 1714 judicetur.
985 1658 1122 1699 Addit
1153 1664 1381 1713 praeterea,
1412 1665 1471 1710 ut,
1509 1664 1639 1716 ‘quos

47 1724 135 1779 ipse
156 1738 251 1765 cum
272 1724 491 1765 Dolabella
511 1724 672 1766 dederit
693 1738 829 1778 agros,
852 1727 1028 1765 teneant
1048 1722 1076 1763 ii
1098 1723 1248 1778 quibus
1270 1723 1357 1764 dati
1379 1724 1492 1766 sint?
1553 1725 1638 1766 Hic

47 1792 115 1830 est
136 1788 374 1844 Campanus
394 1803 496 1845 ager
516 1794 561 1831 et
584 1788 827 1837 Leontinus,
851 1802 956 1843 quae
979 1788 1061 1828 duo
1082 1787 1261 1842 majores
1285 1789 1419 1830 nostri
1449 1804 1638 1831 annonae

47 1852 235 1908 perfugia
251 1854 476 1896 ducebant.
510 1853 598 1896 IX.
623 1853 755 1897 Oavet
771 1852 1205 1904 mimis,aleatoribus‚
1222 1852 1464 1894 lenonibus:
1490 1854 1637 1896 Cafoni

48 1917 176 1958 etiam
207 1922 251 1959 et
287 1918 425 1960 Saxae
466 1923 598 1970 cavet,
634 1933 739 1974 quos
775 1917 1042 1960 centuriones
1077 1932 1290 1973 pugnaces
1329 1923 1373 1960 et
1408 1918 1639 1961 lacertosos

48 1982 159 2023 inter
178 1982 398 2024 mimorum
418 1988 461 2025 et
481 1983 700 2024 mimarum
722 1997 873 2038 greges
894 1982 1126 2023 collocavit.
1188 1982 1385 2024 Postulat
1406 1990 1635 2038 praeterea,

53 2051 124 2088 ‘ut
145 2047 516 2103 chirographorum
537 2062 613 2089 sua
628 2053 672 2089 et
687 2047 1079 2089 commentariorum
1101 2047 1364 2102 collegaeque
1385 2048 1448 2088 sui
1469 2049 1640 2090 decreta

49 2112 275 2153 maneant:
335 2111 445 2164 Quid
465 2112 629 2153 laborat
657 2117 706 2153 ut
729 2112 881 2153 habeat
915 2110 1027 2165 quod
1058 2110 1231 2165 quisque
1263 2116 1475 2152 mercatus
1502 2118 1579 2161 est,
1602 2113 1637 2153 si

50 2177 162 2232 quod
191 2176 357 2231 accepit
390 2177 518 2217 habet
541 2176 610 2231 qui
631 2176 846 2216 vendidit?
907 2180 918 2196 ⁴
935 2174 995 2215 Et
1022 2188 1073 2214 ne
1106 2179 1334 2230 tangantur
1369 2176 1554 2217 rationes
1583 2176 1637 2217 ad

51 2274 154 2305 shows
170 2274 225 2305 the
239 2274 387 2314 meaning
401 2287 407 2305 :
434 2277 442 2292 ⁸
453 2275 522 2305 that
545 2275 585 2305 he
597 2273 698 2304 would
715 2276 821 2314 report

51 2320 86 2347 to
108 2317 164 2347 the
195 2321 314 2353 senate,
340 2317 366 2347 if
389 2318 565 2348 Antiochus
597 2317 650 2347 did
681 2320 737 2347 not
766 2316 821 2346 tell

865 2273 968 2308 mitto,
986 2272 1151 2302 Comatam
1168 2272 1328 2312 postu10.·’
1362 2273 1425 2303 But
1438 2274 1545 2304 Ursini
1562 2285 1635 2315 says

864 2315 934 2345 that
963 2315 1017 2344 the
1047 2315 1148 2344 words
1177 2315 1317 2345 ‘Redire
1347 2316 1385 2346 nd
1416 2327 1449 2346 se
1486 2317 1609 2348 videtur
1626 2318 1634 2331 ’

51 2359 118 2388 him
134 2359 217 2389 what
242 2360 282 2389 he
306 2360 455 2390 intended
477 2365 510 2390 to
534 2361 574 2390 do
601 2359 706 2390 before
726 2360 821 2398 going

52 2405 110 2432 out
125 2401 161 2431 of
182 2402 237 2432 the
260 2402 373 2432 circle.’
422 2403 454 2433 If
473 2404 526 2433 the
553 2403 628 2442 king
652 2402 713 2432 had
740 2412 821 2440 gone

52 2447 109 2474 out
124 2444 160 2473 of
182 2444 236 2474 the
262 2445 353 2475 circle
378 2445 485 2476 before
505 2446 610 2484 giving
628 2455 668 2474 an
690 2455 819 2480 answer,

54 2487 192 2526 Popilius
209 2487 300 2517 could
315 2488 388 2526 only
412 2488 490 2518 have
514 2488 659 2528 reported
678 2487 747 2517 that
767 2487 821 2517 the

53 2529 128 2568 king
152 2539 229 2568 gave
252 2539 294 2559 no
317 2540 446 2566 answer,
473 2531 535 2560 and
561 2531 630 2560 that
657 2530 758 2559 would
783 2530 822 2559 be

53 2573 108 2602 the
124 2582 209 2602 same
224 2582 257 2602 as
272 2582 291 2602 a
305 2573 430 2602 refusal.
467 2573 545 2613 Livy
562 2574 668 2603 makes
686 2572 823 2612 Popilius

54 2624 109 2654 say
126 2627 132 2644 :
173 2618 192 2631 “
212 2615 396 2654 Priusquam
435 2615 494 2645 hoc
531 2616 646 2645 circulo
680 2615 821 2652 excedaS,

54 2657 148 2688 redde
163 2667 347 2697 responsum
365 2657 448 2697 quod
464 2658 629 2688 referam.'’

99 2709 159 2739 quo
183 2700 329 2740 stupore]
357 2703 364 2716 ⁴
379 2710 438 2740 quo
456 2703 590 2737 tumore,
621 2699 821 2731 Mommsen*

57 2741 186 2783 (Halm)
201 2754 208 2779 3
234 2743 291 2772 but
306 2743 330 2772 it
345 2743 370 2772 is
386 2753 425 2772 un
441 2743 492 2773 old
509 2743 698 2782 suggestion.

102 2785 261 2825 Cotylam]
311 2786 369 2815 See
387 2785 465 2815 Phil.
482 2796 511 2816 v.
528 2796 554 2816 c.
571 2788 610 2822 2;
634 2786 698 2816 xiii.
715 2795 741 2816 c.
759 2786 806 2816 12.

103 2828 278 2867 Utramque
306 2829 523 2868 provinciam]
582 2829 658 2859 Ant.
696 2828 822 2867 Augus-

55 2870 142 2900 tinus
158 2871 312 2910 proposed
327 2874 360 2900 to
375 2871 453 2900 omit
470 2874 476 2887 ‘
489 2870 675 2911 utramque.'
693 2870 824 2901 because

57 2913 218 2944 Antonius
234 2923 304 2953 says
325 2912 367 2954 (c.
384 2913 419 2954 9)
439 2916 457 2930 “
470 2913 603 2945 Galliam
616 2916 755 2954 togatam
773 2923 822 2943 re-

864 2358 949 2388 show
974 2357 1043 2387 that
1074 2358 1277 2398 ’utramque'
1301 2359 1327 2388 is
1355 2368 1535 2399 necessary;
1569 2361 1632 2391 and

864 2400 934 2430 that
960 2400 1113 2430 ‘Galliam
1138 2422 1146 2430 .
1165 2423 1172 2430 .
1191 2423 1198 2430 .
1223 2401 1348 2440 postulo
1363 2400 1370 2414 ’
1398 2402 1424 2431 is
1444 2413 1463 2432 a
1486 2403 1633 2434 different

864 2443 1023 2483 proposui.

909 2486 973 2516 His
988 2486 1100 2526 etiam]
1142 2486 1181 2518 D.
1208 2488 1215 2502 ‘
1228 2485 1265 2516 iis
1281 2487 1375 2517 etiam
1388 2486 1395 2499 '
1411 2487 1451 2523 V,
1471 2487 1578 2518 Halm.
1605 2488 1637 2518 It

865 2529 892 2559 is
907 2528 1088 2568 impossible
1104 2529 1284 2559 sometimes
1300 2534 1333 2559 to
1349 2530 1521 2561 determine
1534 2531 1634 2561 which

866 2572 892 2601 is
908 2571 962 2601 the
988 2572 1122 2611 genuine
1149 2572 1243 2602 word.
1289 2572 1342 2603 Au
1367 2573 1507 2612 depeuds
1522 2584 1564 2604 on
1580 2574 1636 2604 the

865 2614 1032 2654 emphasis.

912 2657 1091 2697 Campanus
1106 2667 1183 2697 aqer
1198 2660 1228 2688 et
1245 2658 1436 2698 Leontinus]
1478 2658 1536 2689 See
1554 2659 1634 2689 Phil.

866 2699 900 2729 ii.
915 2709 942 2729 c.
959 2701 1018 2736 39;
1043 2700 1103 2730 and
1122 2701 1171 2730 Do
1188 2700 1263 2739 Leg.
1280 2702 1390 2739 Agrar.
1408 2701 1437 2730 ii.
1452 2711 1478 2730 c.
1495 2703 1546 2732 28.

903 2744 934 2773 9.
951 2743 1255 2783 ehiroqraphormn]
1274 2743 1453 2773 Mommsen
1464 2744 1525 2773 and
1542 2744 1635 2773 lluhn

865 2784 953 2824 place
989 2788 996 2802 ¹
1009 2785 1286 2825 chirographorum
1301 2785 1309 2799 ’
1348 2786 1422 2816 thus
1456 2786 1469 2825 [
1497 2786 1636 2825 ].13ut

866 2827 930 2859 this
955 2827 1028 2858 does
1059 2833 1116 2858 not
1153 2838 1227 2858 curo
1268 2829 1322 2858 the
1359 2838 1498 2868 passage.
1562 2828 1635 2857 Por-

868 2870 946 2910 hups
962 2871 1140 2911 something
1155 2871 1181 2901 is
1197 2871 1259 2902 lost
1274 2871 1354 2901 after
1376 2876 1383 2888 ⁸
1395 2871 1635 2901 couunenturio-

868 2912 962 2943 rum?

813 2970 837 2995 ιι
860 2957 924 2995 1-2
