<?xml version="1.0" encoding="UTF-8"?>
<!DOCTYPE html PUBLIC "-//W3C//DTD XHTML 1.0 Transitional//EN"
    "http://www.w3.org/TR/xhtml1/DTD/xhtml1-transitional.dtd">
<html xmlns="http://www.w3.org/1999/xhtml" xml:lang="en" lang="en">
 <head>
  <title>
</title>
<meta http-equiv="Content-Type" content="text/html;charset=utf-8" />
  <meta name='ocr-system' content='tesseract 3.04.00' />
  <meta name='ocr-capabilities' content='ocr_page ocr_carea ocr_par ocr_line ocrx_word'/>
</head>
<body>
  <div class='ocr_page' id='page_1' title='image "./orationeswithcom04ciceuoft/orationeswithcom04ciceuoft_0628.png"; bbox 0 0 1816 3211; ppageno 0'>
   <div class='ocr_carea' id='block_1_1' title="bbox 111 162 1548 207">
    <p class='ocr_par' dir='ltr' id='par_1_1' title="bbox 111 162 1548 207">
     <span class='ocr_line' id='line_1_1' title="bbox 111 162 1548 207; baseline 0.001 -2"><span class='ocrx_word' id='word_1_1' title='bbox 111 163 191 205; x_wconf 87' lang='lat'>606</span> <span class='ocrx_word' id='word_1_2' title='bbox 264 163 445 205; x_wconf 82' lang='lat' dir='ltr'>ORAT.</span> <span class='ocrx_word' id='word_1_3' title='bbox 478 163 993 205; x_wconf 84' lang='lat' dir='ltr'><strong>PHILIPPICARUM</strong></span> <span class='ocrx_word' id='word_1_4' title='bbox 1030 162 1216 204; x_wconf 87' lang='lat' dir='ltr'>LIBER</span> <span class='ocrx_word' id='word_1_5' title='bbox 1248 163 1548 207; x_wconf 81' lang='lat' dir='ltr'>OCTAVUS.</span> 
     </span>
    </p>
   </div>
   <div class='ocr_carea' id='block_1_2' title="bbox 95 275 1701 2340">
    <p class='ocr_par' dir='ltr' id='par_1_2' title="bbox 103 275 1701 920">
     <span class='ocr_line' id='line_1_2' title="bbox 106 275 1700 332; baseline 0.002 -15"><span class='ocrx_word' id='word_1_6' title='bbox 106 275 287 332; x_wconf 90' lang='lat' dir='ltr'>primum</span> <span class='ocrx_word' id='word_1_7' title='bbox 318 292 400 318; x_wconf 90' lang='lat' dir='ltr'>non</span> <span class='ocrx_word' id='word_1_8' title='bbox 430 278 555 318; x_wconf 92' lang='lat' dir='ltr'>modo</span> <span class='ocrx_word' id='word_1_9' title='bbox 585 292 669 318; x_wconf 92' lang='lat' dir='ltr'>non</span> <span class='ocrx_word' id='word_1_10' title='bbox 695 277 738 317; x_wconf 92' lang='lat' dir='ltr'>in</span> <span class='ocrx_word' id='word_1_11' title='bbox 767 276 1024 318; x_wconf 80' lang='lat' dir='ltr'>dissensione</span> <span class='ocrx_word' id='word_1_12' title='bbox 1056 280 1100 318; x_wconf 83' lang='lat' dir='ltr'>et</span> <span class='ocrx_word' id='word_1_13' title='bbox 1130 277 1338 317; x_wconf 79' lang='lat' dir='ltr'>discordia</span> <span class='ocrx_word' id='word_1_14' title='bbox 1369 277 1531 328; x_wconf 88' lang='lat' dir='ltr'>civium,</span> <span class='ocrx_word' id='word_1_15' title='bbox 1553 279 1627 320; x_wconf 91' lang='lat' dir='ltr'>sed</span> <span class='ocrx_word' id='word_1_16' title='bbox 1658 279 1700 320; x_wconf 89' lang='lat' dir='ltr'>in</span> 
     </span>
     <span class='ocr_line' id='line_1_3' title="bbox 107 341 1698 396; baseline 0.001 -13"><span class='ocrx_word' id='word_1_17' title='bbox 107 343 289 383; x_wconf 85' lang='lat' dir='ltr'>maxima</span> <span class='ocrx_word' id='word_1_18' title='bbox 311 343 580 383; x_wconf 81' lang='lat' dir='ltr'>consensione</span> <span class='ocrx_word' id='word_1_19' title='bbox 602 341 916 396; x_wconf 81' lang='lat' dir='ltr'>incredibilique</span> <span class='ocrx_word' id='word_1_20' title='bbox 938 341 1173 382; x_wconf 89' lang='lat' dir='ltr'>concordia.</span> <span class='ocrx_word' id='word_1_21' title='bbox 1235 342 1392 383; x_wconf 85' lang='lat' dir='ltr'>Omnes</span> <span class='ocrx_word' id='word_1_22' title='bbox 1413 342 1522 383; x_wconf 90' lang='lat' dir='ltr'>idem</span> <span class='ocrx_word' id='word_1_23' title='bbox 1543 345 1698 393; x_wconf 79' lang='lat' dir='ltr'>volunt,</span> 
     </span>
     <span class='ocr_line' id='line_1_4' title="bbox 106 407 1700 464; baseline 0 -15"><span class='ocrx_word' id='word_1_24' title='bbox 106 408 215 449; x_wconf 90' lang='lat' dir='ltr'>idem</span> <span class='ocrx_word' id='word_1_25' title='bbox 258 409 496 457; x_wconf 88' lang='lat' dir='ltr'>defendunt,</span> <span class='ocrx_word' id='word_1_26' title='bbox 534 408 644 447; x_wconf 91' lang='lat' dir='ltr'>idem</span> <span class='ocrx_word' id='word_1_27' title='bbox 674 407 877 447; x_wconf 89' lang='lat' dir='ltr'>sentiunt.</span> <span class='ocrx_word' id='word_1_28' title='bbox 940 407 1078 458; x_wconf 78' lang='lat' dir='ltr'>Quum</span> <span class='ocrx_word' id='word_1_29' title='bbox 1111 421 1256 447; x_wconf 88' lang='lat' dir='ltr'>omnes</span> <span class='ocrx_word' id='word_1_30' title='bbox 1293 407 1397 456; x_wconf 86' lang='lat' dir='ltr'>dico,</span> <span class='ocrx_word' id='word_1_31' title='bbox 1433 422 1504 448; x_wconf 91' lang='lat' dir='ltr'>eos</span> <span class='ocrx_word' id='word_1_32' title='bbox 1539 409 1700 464; x_wconf 78' lang='lat' dir='ltr'>excipio</span> 
     </span>
     <span class='ocr_line' id='line_1_5' title="bbox 107 472 1700 528; baseline 0 -14"><span class='ocrx_word' id='word_1_33' title='bbox 107 488 213 528; x_wconf 88' lang='lat' dir='ltr'>quos</span> <span class='ocrx_word' id='word_1_34' title='bbox 243 488 364 513; x_wconf 91' lang='lat' dir='ltr'>nemo</span> <span class='ocrx_word' id='word_1_35' title='bbox 397 473 568 513; x_wconf 82' lang='lat' dir='ltr'>civitate</span> <span class='ocrx_word' id='word_1_36' title='bbox 601 472 749 526; x_wconf 84' lang='lat' dir='ltr'>dignos</span> <span class='ocrx_word' id='word_1_37' title='bbox 775 476 912 526; x_wconf 86' lang='lat' dir='ltr'>putat.</span> <span class='ocrx_word' id='word_1_38' title='bbox 975 472 1092 523; x_wconf 76' lang='lat' dir='ltr'>Quae</span> <span class='ocrx_word' id='word_1_39' title='bbox 1120 476 1187 512; x_wconf 87' lang='lat' dir='ltr'>est</span> <span class='ocrx_word' id='word_1_40' title='bbox 1215 472 1342 525; x_wconf 79' lang='lat' dir='ltr'>igitur</span> <span class='ocrx_word' id='word_1_41' title='bbox 1369 472 1411 512; x_wconf 90' lang='lat' dir='ltr'>in</span> <span class='ocrx_word' id='word_1_42' title='bbox 1439 473 1574 513; x_wconf 90' lang='lat' dir='ltr'>medio</span> <span class='ocrx_word' id='word_1_43' title='bbox 1604 475 1700 515; x_wconf 86' lang='lat' dir='ltr'>belli</span> 
     </span>
     <span class='ocr_line' id='line_1_6' title="bbox 107 536 1700 593; baseline 0 -14"><span class='ocrx_word' id='word_1_44' title='bbox 107 553 254 580; x_wconf 83' lang='lat' dir='ltr'>caussa</span> <span class='ocrx_word' id='word_1_45' title='bbox 275 538 445 593; x_wconf 70' lang='lat' dir='ltr'>posita?</span> <span class='ocrx_word' id='word_1_46' title='bbox 506 536 597 578; x_wconf 91' lang='lat' dir='ltr'>Nos</span> <span class='ocrx_word' id='word_1_47' title='bbox 619 537 792 577; x_wconf 90' lang='lat' dir='ltr'>deorum</span> <span class='ocrx_word' id='word_1_48' title='bbox 823 536 1121 577; x_wconf 80' lang='lat' dir='ltr'>immortalium</span> <span class='ocrx_word' id='word_1_49' title='bbox 1148 538 1317 592; x_wconf 85' lang='lat' dir='ltr'>templa,</span> <span class='ocrx_word' id='word_1_50' title='bbox 1341 552 1417 578; x_wconf 91' lang='lat' dir='ltr'>nos</span> <span class='ocrx_word' id='word_1_51' title='bbox 1448 553 1601 587; x_wconf 88' lang='lat' dir='ltr'>muros,</span> <span class='ocrx_word' id='word_1_52' title='bbox 1625 553 1700 579; x_wconf 84' lang='lat' dir='ltr'>nos</span> 
     </span>
     <span class='ocr_line' id='line_1_7' title="bbox 106 601 1697 658; baseline -0.001 -14"><span class='ocrx_word' id='word_1_53' title='bbox 106 604 313 645; x_wconf 88' lang='lat' dir='ltr'>domicilia</span> <span class='ocrx_word' id='word_1_54' title='bbox 339 604 542 658; x_wconf 89' lang='lat' dir='ltr'>sedesque</span> <span class='ocrx_word' id='word_1_55' title='bbox 563 603 703 658; x_wconf 90' lang='lat' dir='ltr'>populi</span> <span class='ocrx_word' id='word_1_56' title='bbox 728 601 921 651; x_wconf 82' lang='lat' dir='ltr'>Romani,</span> <span class='ocrx_word' id='word_1_57' title='bbox 955 616 1063 651; x_wconf 84' lang='lat' dir='ltr'>aras,</span> <span class='ocrx_word' id='word_1_58' title='bbox 1093 602 1221 651; x_wconf 84' lang='lat' dir='ltr'>focos,</span> <span class='ocrx_word' id='word_1_59' title='bbox 1252 604 1445 657; x_wconf 90' lang='lat' dir='ltr'>sepulcra</span> <span class='ocrx_word' id='word_1_60' title='bbox 1465 605 1697 658; x_wconf 84' lang='lat' dir='ltr'>majorum;</span> 
     </span>
     <span class='ocr_line' id='line_1_8' title="bbox 104 668 1701 725; baseline -0.001 -14"><span class='ocrx_word' id='word_1_61' title='bbox 104 685 180 711; x_wconf 89' lang='lat' dir='ltr'>nos</span> <span class='ocrx_word' id='word_1_62' title='bbox 201 671 327 725; x_wconf 70' lang='lat' dir='ltr'>leges,</span> <span class='ocrx_word' id='word_1_63' title='bbox 354 669 530 724; x_wconf 88' lang='lat' dir='ltr'>judicia,</span> <span class='ocrx_word' id='word_1_64' title='bbox 561 670 815 716; x_wconf 80' lang='lat' dir='ltr'>libertatem,</span> <span class='ocrx_word' id='word_1_65' title='bbox 850 669 1065 722; x_wconf 82' lang='lat' dir='ltr'>conjuges,</span> <span class='ocrx_word' id='word_1_66' title='bbox 1103 668 1268 717; x_wconf 89' lang='lat' dir='ltr'>liberos,</span> <span class='ocrx_word' id='word_1_67' title='bbox 1303 669 1484 723; x_wconf 85' lang='lat' dir='ltr'>patriam</span> <span class='ocrx_word' id='word_1_68' title='bbox 1516 669 1701 710; x_wconf 88' lang='lat' dir='ltr'>defendi-</span> 
     </span>
     <span class='ocr_line' id='line_1_9' title="bbox 103 732 1701 788; baseline -0.001 -12"><span class='ocrx_word' id='word_1_69' title='bbox 103 750 220 776; x_wconf 85' lang='lat' dir='ltr'>mus:</span> <span class='ocrx_word' id='word_1_70' title='bbox 253 739 404 776; x_wconf 85' lang='lat' dir='ltr'>contra</span> <span class='ocrx_word' id='word_1_71' title='bbox 438 735 500 775; x_wconf 93' lang='lat' dir='ltr'>M.</span> <span class='ocrx_word' id='word_1_72' title='bbox 525 734 740 775; x_wconf 84' lang='lat' dir='ltr'>Antonius</span> <span class='ocrx_word' id='word_1_73' title='bbox 772 733 814 773; x_wconf 91' lang='lat' dir='ltr'>id</span> <span class='ocrx_word' id='word_1_74' title='bbox 846 733 1030 783; x_wconf 87' lang='lat' dir='ltr'>molitur,</span> <span class='ocrx_word' id='word_1_75' title='bbox 1062 732 1104 773; x_wconf 91' lang='lat' dir='ltr'>id</span> <span class='ocrx_word' id='word_1_76' title='bbox 1140 739 1316 788; x_wconf 84' lang='lat' dir='ltr'>pugnat,</span> <span class='ocrx_word' id='word_1_77' title='bbox 1348 738 1396 773; x_wconf 83' lang='lat' dir='ltr'>ut</span> <span class='ocrx_word' id='word_1_78' title='bbox 1430 734 1534 775; x_wconf 90' lang='lat' dir='ltr'>haec</span> <span class='ocrx_word' id='word_1_79' title='bbox 1563 734 1701 775; x_wconf 87' lang='lat' dir='ltr'>omnia</span> 
     </span>
     <span class='ocr_line' id='line_1_10' title="bbox 103 798 1700 857; baseline -0.002 -15"><span class='ocrx_word' id='word_1_80' title='bbox 103 801 334 855; x_wconf 84' lang='lat' dir='ltr'>perturbet,</span> <span class='ocrx_word' id='word_1_81' title='bbox 365 804 541 857; x_wconf 83' lang='lat' dir='ltr'>evertat,</span> <span class='ocrx_word' id='word_1_82' title='bbox 577 799 777 854; x_wconf 87' lang='lat' dir='ltr'>praedam</span> <span class='ocrx_word' id='word_1_83' title='bbox 798 798 856 838; x_wconf 91' lang='lat' dir='ltr'>rei</span> <span class='ocrx_word' id='word_1_84' title='bbox 877 798 1069 853; x_wconf 87' lang='lat' dir='ltr'>publicae</span> <span class='ocrx_word' id='word_1_85' title='bbox 1100 812 1292 838; x_wconf 84' lang='lat' dir='ltr'>caussam</span> <span class='ocrx_word' id='word_1_86' title='bbox 1317 798 1412 838; x_wconf 91' lang='lat' dir='ltr'>belli</span> <span class='ocrx_word' id='word_1_87' title='bbox 1445 803 1580 853; x_wconf 87' lang='lat' dir='ltr'>putet,</span> <span class='ocrx_word' id='word_1_88' title='bbox 1617 800 1700 840; x_wconf 86' lang='lat' dir='ltr'>for-</span> 
     </span>
     <span class='ocr_line' id='line_1_11' title="bbox 104 862 1476 920; baseline -0.003 -13"><span class='ocrx_word' id='word_1_89' title='bbox 104 871 230 907; x_wconf 76' lang='lat' dir='ltr'>tunas</span> <span class='ocrx_word' id='word_1_90' title='bbox 252 870 418 906; x_wconf 84' lang='lat' dir='ltr'>nostras</span> <span class='ocrx_word' id='word_1_91' title='bbox 437 864 593 920; x_wconf 87' lang='lat' dir='ltr'>partim</span> <span class='ocrx_word' id='word_1_92' title='bbox 615 863 804 918; x_wconf 82' lang='lat' dir='ltr'>dissipet,</span> <span class='ocrx_word' id='word_1_93' title='bbox 826 862 980 917; x_wconf 86' lang='lat' dir='ltr'>partim</span> <span class='ocrx_word' id='word_1_94' title='bbox 1003 863 1227 917; x_wconf 80' lang='lat' dir='ltr'>dispertiat</span> <span class='ocrx_word' id='word_1_95' title='bbox 1248 862 1476 917; x_wconf 83' lang='lat' dir='ltr'>parricidis.</span> 
     </span>
    </p>

    <p class='ocr_par' dir='ltr' id='par_1_3' title="bbox 95 928 1700 2279">
     <span class='ocr_line' id='line_1_12' title="bbox 164 928 1699 984; baseline -0.001 -13"><span class='ocrx_word' id='word_1_96' title='bbox 164 930 214 971; x_wconf 90' lang='lat' dir='ltr'>In</span> <span class='ocrx_word' id='word_1_97' title='bbox 249 931 328 971; x_wconf 91' lang='lat' dir='ltr'>hac</span> <span class='ocrx_word' id='word_1_98' title='bbox 356 935 444 971; x_wconf 82' lang='lat' dir='ltr'>tam</span> <span class='ocrx_word' id='word_1_99' title='bbox 477 929 632 984; x_wconf 83' lang='lat' dir='ltr'>dispari</span> <span class='ocrx_word' id='word_1_100' title='bbox 661 929 824 969; x_wconf 88' lang='lat' dir='ltr'>ratione</span> <span class='ocrx_word' id='word_1_101' title='bbox 856 928 950 968; x_wconf 93' lang='lat' dir='ltr'>belli</span> <span class='ocrx_word' id='word_1_102' title='bbox 980 928 1257 968; x_wconf 88' lang='lat' dir='ltr'>miserrimum</span> <span class='ocrx_word' id='word_1_103' title='bbox 1280 928 1379 967; x_wconf 89' lang='lat' dir='ltr'>illud</span> <span class='ocrx_word' id='word_1_104' title='bbox 1400 933 1476 977; x_wconf 91' lang='lat' dir='ltr'>est,</span> <span class='ocrx_word' id='word_1_105' title='bbox 1501 928 1611 982; x_wconf 92' lang='lat' dir='ltr'>quod</span> <span class='ocrx_word' id='word_1_106' title='bbox 1633 928 1699 970; x_wconf 94' lang='lat' dir='ltr'>ille</span> 
     </span>
     <span class='ocr_line' id='line_1_13' title="bbox 102 992 1699 1049; baseline -0.001 -13"><span class='ocrx_word' id='word_1_107' title='bbox 102 995 336 1037; x_wconf 75' lang='lat' dir='ltr'>latronibus</span> <span class='ocrx_word' id='word_1_108' title='bbox 373 994 460 1035; x_wconf 90' lang='lat' dir='ltr'>suis</span> <span class='ocrx_word' id='word_1_109' title='bbox 488 994 721 1049; x_wconf 84' lang='lat' dir='ltr'>pollicetur,</span> <span class='ocrx_word' id='word_1_110' title='bbox 755 992 935 1048; x_wconf 90' lang='lat' dir='ltr'>primum</span> <span class='ocrx_word' id='word_1_111' title='bbox 963 992 1120 1042; x_wconf 87' lang='lat' dir='ltr'>domos,</span> <span class='ocrx_word' id='word_1_112' title='bbox 1155 994 1299 1033; x_wconf 91' lang='lat' dir='ltr'>urbem</span> <span class='ocrx_word' id='word_1_113' title='bbox 1329 992 1439 1033; x_wconf 90' lang='lat' dir='ltr'>enim</span> <span class='ocrx_word' id='word_1_114' title='bbox 1473 993 1699 1034; x_wconf 90' lang='lat' dir='ltr'>divisurum</span> 
     </span>
     <span class='ocr_line' id='line_1_14' title="bbox 104 1057 1697 1112; baseline -0.001 -12"><span class='ocrx_word' id='word_1_115' title='bbox 104 1075 150 1101; x_wconf 93' lang='lat' dir='ltr'>se</span> <span class='ocrx_word' id='word_1_116' title='bbox 191 1060 441 1105; x_wconf 87' lang='lat' dir='ltr'>confirmat;</span> <span class='ocrx_word' id='word_1_117' title='bbox 490 1059 638 1099; x_wconf 90' lang='lat' dir='ltr'>deinde</span> <span class='ocrx_word' id='word_1_118' title='bbox 690 1057 882 1099; x_wconf 91' lang='lat' dir='ltr'>omnibus</span> <span class='ocrx_word' id='word_1_119' title='bbox 936 1057 1070 1111; x_wconf 87' lang='lat' dir='ltr'>portis</span> <span class='ocrx_word' id='word_1_120' title='bbox 1116 1072 1197 1112; x_wconf 92' lang='lat' dir='ltr'>quo</span> <span class='ocrx_word' id='word_1_121' title='bbox 1237 1057 1366 1098; x_wconf 89' lang='lat' dir='ltr'>velint</span> <span class='ocrx_word' id='word_1_122' title='bbox 1407 1057 1697 1099; x_wconf 82' lang='lat' dir='ltr'>deducturum.</span> 
     </span>
     <span class='ocr_line' id='line_1_15' title="bbox 106 1123 1700 1177; baseline -0.002 -11"><span class='ocrx_word' id='word_1_123' title='bbox 106 1125 262 1166; x_wconf 89' lang='lat' dir='ltr'>Omnes</span> <span class='ocrx_word' id='word_1_124' title='bbox 293 1124 484 1174; x_wconf 79' lang='lat' dir='ltr'>Cafones,</span> <span class='ocrx_word' id='word_1_125' title='bbox 523 1138 667 1164; x_wconf 90' lang='lat' dir='ltr'>omnes</span> <span class='ocrx_word' id='word_1_126' title='bbox 698 1123 835 1163; x_wconf 81' lang='lat' dir='ltr'>Saxae</span> <span class='ocrx_word' id='word_1_127' title='bbox 866 1126 1112 1177; x_wconf 83' lang='lat' dir='ltr'>ceteraeque</span> <span class='ocrx_word' id='word_1_128' title='bbox 1140 1127 1295 1176; x_wconf 87' lang='lat' dir='ltr'>pestes,</span> <span class='ocrx_word' id='word_1_129' title='bbox 1331 1137 1435 1176; x_wconf 88' lang='lat' dir='ltr'>quae</span> <span class='ocrx_word' id='word_1_130' title='bbox 1466 1129 1700 1177; x_wconf 87' lang='lat' dir='ltr'>sequuntur</span> 
     </span>
     <span class='ocr_line' id='line_1_16' title="bbox 104 1186 1699 1242; baseline -0.001 -12"><span class='ocrx_word' id='word_1_131' title='bbox 104 1190 354 1238; x_wconf 83' lang='lat' dir='ltr'>Antonium,</span> <span class='ocrx_word' id='word_1_132' title='bbox 398 1189 526 1229; x_wconf 90' lang='lat' dir='ltr'>aedes</span> <span class='ocrx_word' id='word_1_133' title='bbox 562 1188 641 1229; x_wconf 89' lang='lat' dir='ltr'>sibi</span> <span class='ocrx_word' id='word_1_134' title='bbox 681 1187 876 1242; x_wconf 81' lang='lat' dir='ltr'>optimaS,</span> <span class='ocrx_word' id='word_1_135' title='bbox 919 1187 1078 1237; x_wconf 72' lang='lat' dir='ltr'>hortos,</span> <span class='ocrx_word' id='word_1_136' title='bbox 1123 1187 1374 1235; x_wconf 83' lang='lat' dir='ltr'>Tusculana,</span> <span class='ocrx_word' id='word_1_137' title='bbox 1418 1186 1586 1228; x_wconf 89' lang='lat' dir='ltr'>Albana</span> <span class='ocrx_word' id='word_1_138' title='bbox 1629 1188 1699 1228; x_wconf 91' lang='lat' dir='ltr'>de-</span> 
     </span>
     <span class='ocr_line' id='line_1_17' title="bbox 102 1251 1698 1308; baseline -0.001 -14"><span class='ocrx_word' id='word_1_139' title='bbox 102 1255 264 1295; x_wconf 85' lang='lat' dir='ltr'>finiunt.</span> <span class='ocrx_word' id='word_1_140' title='bbox 327 1254 472 1308; x_wconf 85' lang='lat' dir='ltr'>Atque</span> <span class='ocrx_word' id='word_1_141' title='bbox 509 1253 637 1294; x_wconf 87' lang='lat' dir='ltr'>etiam</span> <span class='ocrx_word' id='word_1_142' title='bbox 673 1251 862 1293; x_wconf 90' lang='lat' dir='ltr'>homines</span> <span class='ocrx_word' id='word_1_143' title='bbox 894 1258 1099 1306; x_wconf 81' lang='lat' dir='ltr'>agrestes,</span> <span class='ocrx_word' id='word_1_144' title='bbox 1134 1252 1169 1293; x_wconf 92' lang='lat' dir='ltr'>si</span> <span class='ocrx_word' id='word_1_145' title='bbox 1206 1251 1394 1292; x_wconf 91' lang='lat' dir='ltr'>homines</span> <span class='ocrx_word' id='word_1_146' title='bbox 1430 1251 1486 1291; x_wconf 93' lang='lat' dir='ltr'>illi</span> <span class='ocrx_word' id='word_1_147' title='bbox 1526 1266 1575 1292; x_wconf 92' lang='lat' dir='ltr'>ac</span> <span class='ocrx_word' id='word_1_148' title='bbox 1615 1267 1698 1293; x_wconf 90' lang='lat' dir='ltr'>non</span> 
     </span>
     <span class='ocr_line' id='line_1_18' title="bbox 101 1316 1698 1374; baseline -0.001 -14"><span class='ocrx_word' id='word_1_149' title='bbox 101 1320 283 1374; x_wconf 91' lang='lat' dir='ltr'>pecudes</span> <span class='ocrx_word' id='word_1_150' title='bbox 305 1319 457 1373; x_wconf 87' lang='lat' dir='ltr'>potius,</span> <span class='ocrx_word' id='word_1_151' title='bbox 481 1317 593 1358; x_wconf 86' lang='lat' dir='ltr'>inani</span> <span class='ocrx_word' id='word_1_152' title='bbox 616 1331 688 1372; x_wconf 89' lang='lat' dir='ltr'>spe</span> <span class='ocrx_word' id='word_1_153' title='bbox 709 1317 764 1357; x_wconf 91' lang='lat' dir='ltr'>ad</span> <span class='ocrx_word' id='word_1_154' title='bbox 794 1331 924 1370; x_wconf 90' lang='lat' dir='ltr'>aquas</span> <span class='ocrx_word' id='word_1_155' title='bbox 946 1331 1077 1371; x_wconf 92' lang='lat' dir='ltr'>usque</span> <span class='ocrx_word' id='word_1_156' title='bbox 1109 1321 1152 1357; x_wconf 82' lang='lat' dir='ltr'>et</span> <span class='ocrx_word' id='word_1_157' title='bbox 1175 1316 1376 1356; x_wconf 88' lang='lat' dir='ltr'>Puteolos</span> <span class='ocrx_word' id='word_1_158' title='bbox 1401 1316 1698 1370; x_wconf 86' lang='lat' dir='ltr'>provehuntur.</span> 
     </span>
     <span class='ocr_line' id='line_1_19' title="bbox 104 1381 1700 1439; baseline -0.002 -14"><span class='ocrx_word' id='word_1_159' title='bbox 104 1384 220 1439; x_wconf 79' lang='lat' dir='ltr'>Ergo</span> <span class='ocrx_word' id='word_1_160' title='bbox 257 1385 387 1425; x_wconf 87' lang='lat' dir='ltr'>habet</span> <span class='ocrx_word' id='word_1_161' title='bbox 411 1383 626 1424; x_wconf 89' lang='lat' dir='ltr'>Antonius</span> <span class='ocrx_word' id='word_1_162' title='bbox 660 1382 770 1437; x_wconf 91' lang='lat' dir='ltr'>quod</span> <span class='ocrx_word' id='word_1_163' title='bbox 803 1381 889 1421; x_wconf 88' lang='lat' dir='ltr'>suis</span> <span class='ocrx_word' id='word_1_164' title='bbox 921 1382 1183 1436; x_wconf 86' lang='lat' dir='ltr'>polliceatur.</span> <span class='ocrx_word' id='word_1_165' title='bbox 1245 1381 1354 1433; x_wconf 73' lang='lat' dir='ltr'>Quid</span> <span class='ocrx_word' id='word_1_166' title='bbox 1388 1396 1476 1430; x_wconf 84' lang='lat' dir='ltr'>nos,</span> <span class='ocrx_word' id='word_1_167' title='bbox 1500 1382 1700 1437; x_wconf 89' lang='lat' dir='ltr'>numquid</span> 
     </span>
     <span class='ocr_line' id='line_1_20' title="bbox 101 1447 1699 1502; baseline -0.001 -11"><span class='ocrx_word' id='word_1_168' title='bbox 101 1451 187 1492; x_wconf 84' lang='lat' dir='ltr'>tale</span> <span class='ocrx_word' id='word_1_169' title='bbox 218 1450 452 1491; x_wconf 66' lang='lat' dir='ltr'>habemus?</span> <span class='ocrx_word' id='word_1_170' title='bbox 513 1448 584 1488; x_wconf 87' lang='lat' dir='ltr'>Dii</span> <span class='ocrx_word' id='word_1_171' title='bbox 605 1448 803 1488; x_wconf 86' lang='lat' dir='ltr'>meliora!</span> <span class='ocrx_word' id='word_1_172' title='bbox 839 1447 880 1487; x_wconf 90' lang='lat' dir='ltr'>id</span> <span class='ocrx_word' id='word_1_173' title='bbox 902 1447 1013 1487; x_wconf 92' lang='lat' dir='ltr'>enim</span> <span class='ocrx_word' id='word_1_174' title='bbox 1037 1447 1172 1502; x_wconf 87' lang='lat' dir='ltr'>ipsum</span> <span class='ocrx_word' id='word_1_175' title='bbox 1194 1447 1358 1501; x_wconf 82' lang='lat' dir='ltr'>agimus</span> <span class='ocrx_word' id='word_1_176' title='bbox 1379 1461 1430 1487; x_wconf 93' lang='lat' dir='ltr'>ne</span> <span class='ocrx_word' id='word_1_177' title='bbox 1462 1447 1554 1501; x_wconf 92' lang='lat' dir='ltr'>quis</span> <span class='ocrx_word' id='word_1_178' title='bbox 1585 1453 1699 1502; x_wconf 82' lang='lat' dir='ltr'>post-</span> 
     </span>
     <span class='ocr_line' id='line_1_21' title="bbox 101 1511 1698 1570; baseline -0.002 -14"><span class='ocrx_word' id='word_1_179' title='bbox 101 1516 179 1556; x_wconf 89' lang='lat' dir='ltr'>hac</span> <span class='ocrx_word' id='word_1_180' title='bbox 222 1515 450 1570; x_wconf 88' lang='lat' dir='ltr'>quidquam</span> <span class='ocrx_word' id='word_1_181' title='bbox 491 1513 695 1568; x_wconf 90' lang='lat' dir='ltr'>ejusmodi</span> <span class='ocrx_word' id='word_1_182' title='bbox 736 1512 869 1567; x_wconf 88' lang='lat' dir='ltr'>possit</span> <span class='ocrx_word' id='word_1_183' title='bbox 909 1512 1108 1567; x_wconf 88' lang='lat' dir='ltr'>polliceri.</span> <span class='ocrx_word' id='word_1_184' title='bbox 1171 1512 1335 1553; x_wconf 90' lang='lat' dir='ltr'>Invitus</span> <span class='ocrx_word' id='word_1_185' title='bbox 1377 1511 1482 1562; x_wconf 78' lang='lat' dir='ltr'>dico,</span> <span class='ocrx_word' id='word_1_186' title='bbox 1525 1512 1598 1552; x_wconf 90' lang='lat' dir='ltr'>sed</span> <span class='ocrx_word' id='word_1_187' title='bbox 1639 1513 1698 1553; x_wconf 91' lang='lat' dir='ltr'>di-</span> 
     </span>
     <span class='ocr_line' id='line_1_22' title="bbox 101 1576 1697 1632; baseline -0.002 -11"><span class='ocrx_word' id='word_1_188' title='bbox 101 1581 279 1621; x_wconf 90' lang='lat' dir='ltr'>cendum</span> <span class='ocrx_word' id='word_1_189' title='bbox 312 1584 389 1620; x_wconf 91' lang='lat' dir='ltr'>est.</span> <span class='ocrx_word' id='word_1_190' title='bbox 454 1579 593 1620; x_wconf 86' lang='lat' dir='ltr'>Hasta</span> <span class='ocrx_word' id='word_1_191' title='bbox 630 1577 835 1627; x_wconf 82' lang='lat' dir='ltr'>Caesaris,</span> <span class='ocrx_word' id='word_1_192' title='bbox 869 1582 1014 1632; x_wconf 86' lang='lat' dir='ltr'>patres</span> <span class='ocrx_word' id='word_1_193' title='bbox 1047 1577 1286 1632; x_wconf 81' lang='lat' dir='ltr'>conscripti,</span> <span class='ocrx_word' id='word_1_194' title='bbox 1323 1576 1466 1618; x_wconf 87' lang='lat' dir='ltr'>multis</span> <span class='ocrx_word' id='word_1_195' title='bbox 1498 1576 1697 1631; x_wconf 84' lang='lat' dir='ltr'>improbis</span> 
     </span>
     <span class='ocr_line' id='line_1_23' title="bbox 102 1641 1696 1699; baseline -0.004 -13"><span class='ocrx_word' id='word_1_196' title='bbox 102 1650 145 1686; x_wconf 86' lang='lat' dir='ltr'>et</span> <span class='ocrx_word' id='word_1_197' title='bbox 181 1660 294 1699; x_wconf 88' lang='lat' dir='ltr'>spem</span> <span class='ocrx_word' id='word_1_198' title='bbox 336 1645 460 1685; x_wconf 81' lang='lat' dir='ltr'>affert</span> <span class='ocrx_word' id='word_1_199' title='bbox 501 1648 544 1684; x_wconf 82' lang='lat' dir='ltr'>et</span> <span class='ocrx_word' id='word_1_200' title='bbox 584 1643 814 1683; x_wconf 88' lang='lat' dir='ltr'>audaciam.</span> <span class='ocrx_word' id='word_1_201' title='bbox 878 1641 1090 1682; x_wconf 83' lang='lat' dir='ltr'>Viderunt</span> <span class='ocrx_word' id='word_1_202' title='bbox 1130 1642 1240 1682; x_wconf 92' lang='lat' dir='ltr'>enim</span> <span class='ocrx_word' id='word_1_203' title='bbox 1274 1656 1324 1682; x_wconf 85' lang='lat' dir='ltr'>ex</span> <span class='ocrx_word' id='word_1_204' title='bbox 1364 1641 1567 1681; x_wconf 90' lang='lat' dir='ltr'>mendicis</span> <span class='ocrx_word' id='word_1_205' title='bbox 1606 1642 1696 1681; x_wconf 87' lang='lat' dir='ltr'>fieri</span> 
     </span>
     <span class='ocr_line' id='line_1_24' title="bbox 101 1705 1697 1765; baseline -0.003 -14"><span class='ocrx_word' id='word_1_206' title='bbox 101 1714 272 1765; x_wconf 85' lang='lat' dir='ltr'>repente</span> <span class='ocrx_word' id='word_1_207' title='bbox 295 1709 444 1749; x_wconf 84' lang='lat' dir='ltr'>divites</span> <span class='ocrx_word' id='word_1_208' title='bbox 462 1726 472 1756; x_wconf 69' lang='grc' dir='ltr'><strong>ς</strong></span> <span class='ocrx_word' id='word_1_209' title='bbox 509 1708 650 1762; x_wconf 84' lang='lat' dir='ltr'>itaque</span> <span class='ocrx_word' id='word_1_210' title='bbox 672 1721 836 1761; x_wconf 86' lang='lat' dir='ltr'>semper</span> <span class='ocrx_word' id='word_1_211' title='bbox 857 1706 1024 1746; x_wconf 87' lang='lat' dir='ltr'>hastam</span> <span class='ocrx_word' id='word_1_212' title='bbox 1046 1706 1185 1746; x_wconf 79' lang='lat' dir='ltr'>videre</span> <span class='ocrx_word' id='word_1_213' title='bbox 1207 1705 1381 1760; x_wconf 90' lang='lat' dir='ltr'>cupiunt</span> <span class='ocrx_word' id='word_1_214' title='bbox 1402 1705 1429 1745; x_wconf 93' lang='lat' dir='ltr'>ii</span> <span class='ocrx_word' id='word_1_215' title='bbox 1451 1705 1519 1760; x_wconf 92' lang='lat' dir='ltr'>qui</span> <span class='ocrx_word' id='word_1_216' title='bbox 1541 1706 1697 1746; x_wconf 86' lang='lat' dir='ltr'>nostris</span> 
     </span>
     <span class='ocr_line' id='line_1_25' title="bbox 101 1769 1697 1826; baseline -0.003 -11"><span class='ocrx_word' id='word_1_217' title='bbox 101 1775 222 1816; x_wconf 89' lang='lat' dir='ltr'>bonis</span> <span class='ocrx_word' id='word_1_218' title='bbox 243 1773 474 1821; x_wconf 89' lang='lat' dir='ltr'>imminent,</span> <span class='ocrx_word' id='word_1_219' title='bbox 499 1772 649 1826; x_wconf 86' lang='lat' dir='ltr'>quibus</span> <span class='ocrx_word' id='word_1_220' title='bbox 671 1771 810 1811; x_wconf 87' lang='lat' dir='ltr'>onmia</span> <span class='ocrx_word' id='word_1_221' title='bbox 831 1770 1051 1825; x_wconf 86' lang='lat' dir='ltr'>pollicetur</span> <span class='ocrx_word' id='word_1_222' title='bbox 1068 1770 1296 1811; x_wconf 84' lang='lat' dir='ltr'>Antonius.</span> <span class='ocrx_word' id='word_1_223' title='bbox 1360 1770 1469 1822; x_wconf 75' lang='lat' dir='ltr'>Quid</span> <span class='ocrx_word' id='word_1_224' title='bbox 1491 1784 1578 1820; x_wconf 89' lang='lat' dir='ltr'>nos,</span> <span class='ocrx_word' id='word_1_225' title='bbox 1599 1769 1697 1811; x_wconf 65' lang='lat' dir='ltr'>⁴nos-</span> 
     </span>
     <span class='ocr_line' id='line_1_26' title="bbox 101 1833 1694 1890; baseline -0.002 -11"><span class='ocrx_word' id='word_1_226' title='bbox 101 1839 180 1880; x_wconf 81' lang='lat' dir='ltr'>tris</span> <span class='ocrx_word' id='word_1_227' title='bbox 216 1837 474 1878; x_wconf 82' lang='lat' dir='ltr'>exercitibus</span> <span class='ocrx_word' id='word_1_228' title='bbox 508 1836 607 1890; x_wconf 89' lang='lat' dir='ltr'>quid</span> <span class='ocrx_word' id='word_1_229' title='bbox 639 1835 910 1890; x_wconf 64' lang='lat' dir='ltr'>pollicemur?</span> <span class='ocrx_word' id='word_1_230' title='bbox 972 1833 1112 1875; x_wconf 83' lang='lat' dir='ltr'>Multo</span> <span class='ocrx_word' id='word_1_231' title='bbox 1148 1833 1321 1874; x_wconf 88' lang='lat' dir='ltr'>meliora</span> <span class='ocrx_word' id='word_1_232' title='bbox 1357 1840 1483 1888; x_wconf 89' lang='lat' dir='ltr'>atque</span> <span class='ocrx_word' id='word_1_233' title='bbox 1519 1835 1694 1889; x_wconf 89' lang='lat' dir='ltr'>majora.</span> 
     </span>
     <span class='ocr_line' id='line_1_27' title="bbox 104 1898 1695 1954; baseline -0.001 -12"><span class='ocrx_word' id='word_1_234' title='bbox 104 1902 318 1943; x_wconf 87' lang='lat' dir='ltr'>Scelerum</span> <span class='ocrx_word' id='word_1_235' title='bbox 339 1900 448 1941; x_wconf 89' lang='lat' dir='ltr'>enim</span> <span class='ocrx_word' id='word_1_236' title='bbox 470 1900 690 1954; x_wconf 89' lang='lat' dir='ltr'>promissio</span> <span class='ocrx_word' id='word_1_237' title='bbox 713 1904 754 1939; x_wconf 82' lang='lat' dir='ltr'>et</span> <span class='ocrx_word' id='word_1_238' title='bbox 776 1899 825 1939; x_wconf 86' lang='lat' dir='ltr'>iis</span> <span class='ocrx_word' id='word_1_239' title='bbox 857 1898 925 1953; x_wconf 90' lang='lat' dir='ltr'>qui</span> <span class='ocrx_word' id='word_1_240' title='bbox 957 1905 1207 1953; x_wconf 83' lang='lat' dir='ltr'>exspectant</span> <span class='ocrx_word' id='word_1_241' title='bbox 1230 1899 1460 1952; x_wconf 88' lang='lat' dir='ltr'>perniciosa</span> <span class='ocrx_word' id='word_1_242' title='bbox 1480 1905 1557 1950; x_wconf 88' lang='lat' dir='ltr'>est,</span> <span class='ocrx_word' id='word_1_243' title='bbox 1582 1906 1625 1941; x_wconf 86' lang='lat' dir='ltr'>et</span> <span class='ocrx_word' id='word_1_244' title='bbox 1645 1900 1695 1941; x_wconf 89' lang='lat' dir='ltr'>iis</span> 
     </span>
     <span class='ocr_line' id='line_1_28' title="bbox 101 1963 1692 2022; baseline -0.001 -15"><span class='ocrx_word' id='word_1_245' title='bbox 101 1967 170 2022; x_wconf 89' lang='lat' dir='ltr'>qui</span> <span class='ocrx_word' id='word_1_246' title='bbox 210 1966 478 2021; x_wconf 85' lang='lat' dir='ltr'>promittunt.</span> <span class='ocrx_word' id='word_1_247' title='bbox 551 1965 640 2004; x_wconf 89' lang='lat' dir='ltr'>Nos</span> <span class='ocrx_word' id='word_1_248' title='bbox 682 1964 921 2004; x_wconf 83' lang='lat' dir='ltr'>libertatem</span> <span class='ocrx_word' id='word_1_249' title='bbox 962 1963 1117 2003; x_wconf 90' lang='lat' dir='ltr'>nostris</span> <span class='ocrx_word' id='word_1_250' title='bbox 1161 1964 1372 2013; x_wconf 86' lang='lat' dir='ltr'>militibus,</span> <span class='ocrx_word' id='word_1_251' title='bbox 1416 1964 1544 2018; x_wconf 80' lang='lat' dir='ltr'>leges,</span> <span class='ocrx_word' id='word_1_252' title='bbox 1583 1965 1692 2019; x_wconf 73' lang='lat' dir='ltr'>jura,</span> 
     </span>
     <span class='ocr_line' id='line_1_29' title="bbox 95 2028 1694 2087; baseline -0.002 -15"><span class='ocrx_word' id='word_1_253' title='bbox 95 2032 266 2087; x_wconf 87' lang='lat' dir='ltr'>judicia,</span> <span class='ocrx_word' id='word_1_254' title='bbox 309 2030 529 2085; x_wconf 89' lang='lat' dir='ltr'>imperium</span> <span class='ocrx_word' id='word_1_255' title='bbox 569 2029 680 2070; x_wconf 89' lang='lat' dir='ltr'>orbis</span> <span class='ocrx_word' id='word_1_256' title='bbox 721 2035 870 2077; x_wconf 86' lang='lat' dir='ltr'>terrae,</span> <span class='ocrx_word' id='word_1_257' title='bbox 913 2028 1176 2083; x_wconf 81' lang='lat' dir='ltr'>dignitatem,</span> <span class='ocrx_word' id='word_1_258' title='bbox 1213 2044 1370 2083; x_wconf 81' lang='lat' dir='ltr'>pacem,</span> <span class='ocrx_word' id='word_1_259' title='bbox 1409 2029 1541 2069; x_wconf 89' lang='lat' dir='ltr'>otium</span> <span class='ocrx_word' id='word_1_260' title='bbox 1580 2030 1694 2084; x_wconf 92' lang='lat' dir='ltr'>polli-</span> 
     </span>
     <span class='ocr_line' id='line_1_30' title="bbox 101 2094 1696 2149; baseline -0.001 -12"><span class='ocrx_word' id='word_1_261' title='bbox 101 2112 254 2138; x_wconf 89' lang='lat' dir='ltr'>cemur.</span> <span class='ocrx_word' id='word_1_262' title='bbox 317 2095 495 2136; x_wconf 88' lang='lat' dir='ltr'>Antonii</span> <span class='ocrx_word' id='word_1_263' title='bbox 535 2095 665 2149; x_wconf 82' lang='lat' dir='ltr'>igitur</span> <span class='ocrx_word' id='word_1_264' title='bbox 700 2094 907 2149; x_wconf 87' lang='lat' dir='ltr'>promissa</span> <span class='ocrx_word' id='word_1_265' title='bbox 942 2098 1129 2142; x_wconf 76' lang='lat' dir='ltr'>cruenta,</span> <span class='ocrx_word' id='word_1_266' title='bbox 1168 2098 1318 2143; x_wconf 79' lang='lat' dir='ltr'>taetra,</span> <span class='ocrx_word' id='word_1_267' title='bbox 1356 2095 1573 2142; x_wconf 89' lang='lat' dir='ltr'>scelerata,</span> <span class='ocrx_word' id='word_1_268' title='bbox 1617 2095 1696 2136; x_wconf 90' lang='lat' dir='ltr'>diis</span> 
     </span>
     <span class='ocr_line' id='line_1_31' title="bbox 100 2159 1696 2215; baseline -0.001 -13"><span class='ocrx_word' id='word_1_269' title='bbox 100 2161 417 2215; x_wconf 87' lang='lat' dir='ltr'>hominibusque</span> <span class='ocrx_word' id='word_1_270' title='bbox 458 2159 602 2207; x_wconf 82' lang='lat' dir='ltr'>invisa,</span> <span class='ocrx_word' id='word_1_271' title='bbox 645 2174 720 2199; x_wconf 91' lang='lat' dir='ltr'>nec</span> <span class='ocrx_word' id='word_1_272' title='bbox 755 2159 953 2199; x_wconf 86' lang='lat' dir='ltr'>diuturna</span> <span class='ocrx_word' id='word_1_273' title='bbox 988 2173 1064 2199; x_wconf 92' lang='lat' dir='ltr'>nec</span> <span class='ocrx_word' id='word_1_274' title='bbox 1098 2159 1325 2205; x_wconf 75' lang='lat' dir='ltr'>salutaria3</span> <span class='ocrx_word' id='word_1_275' title='bbox 1368 2164 1515 2200; x_wconf 88' lang='lat' dir='ltr'>nostra</span> <span class='ocrx_word' id='word_1_276' title='bbox 1549 2165 1696 2201; x_wconf 81' lang='lat' dir='ltr'>contra</span> 
     </span>
     <span class='ocr_line' id='line_1_32' title="bbox 101 2223 1430 2279; baseline -0.002 -12"><span class='ocrx_word' id='word_1_277' title='bbox 101 2228 291 2276; x_wconf 86' lang='lat' dir='ltr'>honesta,</span> <span class='ocrx_word' id='word_1_278' title='bbox 316 2226 493 2279; x_wconf 75' lang='lat' dir='ltr'>integra,</span> <span class='ocrx_word' id='word_1_279' title='bbox 516 2224 712 2279; x_wconf 78' lang='lat' dir='ltr'>gloriosa,</span> <span class='ocrx_word' id='word_1_280' title='bbox 735 2224 858 2278; x_wconf 88' lang='lat' dir='ltr'>plena</span> <span class='ocrx_word' id='word_1_281' title='bbox 879 2223 1079 2272; x_wconf 87' lang='lat' dir='ltr'>laetitiae,</span> <span class='ocrx_word' id='word_1_282' title='bbox 1103 2223 1224 2278; x_wconf 87' lang='lat' dir='ltr'>plena</span> <span class='ocrx_word' id='word_1_283' title='bbox 1245 2224 1430 2279; x_wconf 84' lang='lat' dir='ltr'>pietatis.</span> 
     </span>
    </p>

    <p class='ocr_par' dir='ltr' id='par_1_4' title="bbox 162 2288 1694 2340">
     <span class='ocr_line' id='line_1_33' title="bbox 162 2288 1694 2340; baseline 0.001 -10"><span class='ocrx_word' id='word_1_284' title='bbox 162 2290 243 2330; x_wconf 91' lang='lat' dir='ltr'>IV.</span> <span class='ocrx_word' id='word_1_285' title='bbox 278 2290 363 2330; x_wconf 93' lang='lat' dir='ltr'>Hic</span> <span class='ocrx_word' id='word_1_286' title='bbox 397 2289 498 2329; x_wconf 87' lang='lat' dir='ltr'>mihi</span> <span class='ocrx_word' id='word_1_287' title='bbox 533 2289 660 2330; x_wconf 89' lang='lat' dir='ltr'>etiam</span> <span class='ocrx_word' id='word_1_288' title='bbox 694 2289 743 2340; x_wconf 76' lang='lat' dir='ltr'>Q.</span> <span class='ocrx_word' id='word_1_289' title='bbox 768 2288 927 2339; x_wconf 91' lang='lat' dir='ltr'>Fufius,</span> <span class='ocrx_word' id='word_1_290' title='bbox 959 2289 1019 2329; x_wconf 91' lang='lat' dir='ltr'>vir</span> <span class='ocrx_word' id='word_1_291' title='bbox 1053 2288 1175 2329; x_wconf 86' lang='lat' dir='ltr'>fortis</span> <span class='ocrx_word' id='word_1_292' title='bbox 1207 2303 1255 2329; x_wconf 90' lang='lat' dir='ltr'>ac</span> <span class='ocrx_word' id='word_1_293' title='bbox 1290 2294 1497 2339; x_wconf 84' lang='lat' dir='ltr'>strenuus,</span> <span class='ocrx_word' id='word_1_294' title='bbox 1535 2289 1694 2331; x_wconf 85' lang='lat' dir='ltr'>amicus</span> 
     </span>
    </p>
   </div>
   <div class='ocr_carea' id='block_1_3' title="bbox 100 2419 873 2925">
    <p class='ocr_par' dir='ltr' id='par_1_5' title="bbox 100 2419 873 2712">
     <span class='ocr_line' id='line_1_34' title="bbox 145 2419 872 2459; baseline -0.004 -8"><span class='ocrx_word' id='word_1_295' title='bbox 145 2420 373 2459; x_wconf 76' lang='lat' dir='ltr'>deducturum]</span> <span class='ocrx_word' id='word_1_296' title='bbox 401 2419 468 2450; x_wconf 85' lang='lat' dir='ltr'>lead</span> <span class='ocrx_word' id='word_1_297' title='bbox 495 2420 582 2450; x_wconf 87' lang='lat' dir='ltr'>them</span> <span class='ocrx_word' id='word_1_298' title='bbox 613 2422 646 2449; x_wconf 86' lang='lat' dir='ltr'>to</span> <span class='ocrx_word' id='word_1_299' title='bbox 674 2419 872 2449; x_wconf 80' lang='lat' dir='ltr'>settlements</span> 
     </span>
     <span class='ocr_line' id='line_1_35' title="bbox 100 2462 870 2497; baseline -0.003 -4"><span class='ocrx_word' id='word_1_300' title='bbox 100 2464 136 2493; x_wconf 85' lang='lat' dir='ltr'>of</span> <span class='ocrx_word' id='word_1_301' title='bbox 174 2464 311 2493; x_wconf 86' lang='lat' dir='ltr'>land.—‘</span> <span class='ocrx_word' id='word_1_302' title='bbox 331 2464 430 2492; x_wconf 83' lang='lat' dir='ltr'>Saxae</span> <span class='ocrx_word' id='word_1_303' title='bbox 447 2463 466 2491; x_wconf 87' lang='lat'>:’</span> <span class='ocrx_word' id='word_1_304' title='bbox 513 2463 550 2492; x_wconf 91' lang='lat' dir='ltr'>L.</span> <span class='ocrx_word' id='word_1_305' title='bbox 583 2462 733 2491; x_wconf 78' lang='lat' dir='ltr'>Decidius</span> <span class='ocrx_word' id='word_1_306' title='bbox 778 2462 870 2497; x_wconf 87' lang='lat' dir='ltr'>Saxa,</span> 
     </span>
     <span class='ocr_line' id='line_1_36' title="bbox 100 2505 872 2536; baseline -0.001 -1"><span class='ocrx_word' id='word_1_307' title='bbox 100 2507 203 2535; x_wconf 86' lang='lat' dir='ltr'>whom</span> <span class='ocrx_word' id='word_1_308' title='bbox 221 2506 329 2536; x_wconf 85' lang='lat' dir='ltr'>Cicero</span> <span class='ocrx_word' id='word_1_309' title='bbox 352 2506 508 2534; x_wconf 83' lang='lat' dir='ltr'>mentions</span> <span class='ocrx_word' id='word_1_310' title='bbox 530 2505 648 2535; x_wconf 82' lang='lat' dir='ltr'>several</span> <span class='ocrx_word' id='word_1_311' title='bbox 664 2505 765 2534; x_wconf 88' lang='lat' dir='ltr'>times.</span> <span class='ocrx_word' id='word_1_312' title='bbox 813 2505 872 2534; x_wconf 87' lang='lat' dir='ltr'>See</span> 
     </span>
     <span class='ocr_line' id='line_1_37' title="bbox 102 2548 872 2578; baseline -0.003 0"><span class='ocrx_word' id='word_1_313' title='bbox 102 2549 184 2578; x_wconf 89' lang='lat' dir='ltr'>Phil.</span> <span class='ocrx_word' id='word_1_314' title='bbox 200 2549 240 2577; x_wconf 86' lang='lat' dir='ltr'>xi.</span> <span class='ocrx_word' id='word_1_315' title='bbox 263 2558 289 2577; x_wconf 87' lang='lat' dir='ltr'>c.</span> <span class='ocrx_word' id='word_1_316' title='bbox 307 2551 336 2577; x_wconf 83' lang='lat'>5.</span> <span class='ocrx_word' id='word_1_317' title='bbox 386 2548 436 2577; x_wconf 93' lang='lat' dir='ltr'>He</span> <span class='ocrx_word' id='word_1_318' title='bbox 461 2548 522 2576; x_wconf 88' lang='lat' dir='ltr'>had</span> <span class='ocrx_word' id='word_1_319' title='bbox 539 2548 645 2577; x_wconf 86' lang='lat' dir='ltr'>served</span> <span class='ocrx_word' id='word_1_320' title='bbox 664 2548 739 2577; x_wconf 85' lang='lat' dir='ltr'>with</span> <span class='ocrx_word' id='word_1_321' title='bbox 756 2548 872 2577; x_wconf 85' lang='lat' dir='ltr'>Caesar</span> 
     </span>
     <span class='ocr_line' id='line_1_38' title="bbox 100 2590 873 2629; baseline -0.003 -8"><span class='ocrx_word' id='word_1_322' title='bbox 100 2595 133 2621; x_wconf 84' lang='lat' dir='ltr'>at</span> <span class='ocrx_word' id='word_1_323' title='bbox 150 2592 252 2621; x_wconf 84' lang='lat' dir='ltr'>Ilerda</span> <span class='ocrx_word' id='word_1_324' title='bbox 267 2591 299 2620; x_wconf 90' lang='lat' dir='ltr'>in</span> <span class='ocrx_word' id='word_1_325' title='bbox 317 2591 412 2628; x_wconf 82' lang='lat' dir='ltr'>Spain</span> <span class='ocrx_word' id='word_1_326' title='bbox 430 2590 482 2629; x_wconf 83' lang='lat' dir='ltr'>(B.</span> <span class='ocrx_word' id='word_1_327' title='bbox 502 2590 536 2620; x_wconf 93' lang='lat' dir='ltr'>C.</span> <span class='ocrx_word' id='word_1_328' title='bbox 554 2590 572 2619; x_wconf 89' lang='lat' dir='ltr'>i.</span> <span class='ocrx_word' id='word_1_329' title='bbox 588 2601 613 2619; x_wconf 88' lang='lat' dir='ltr'>c.</span> <span class='ocrx_word' id='word_1_330' title='bbox 628 2591 696 2628; x_wconf 80' lang='lat'>66).</span> <span class='ocrx_word' id='word_1_331' title='bbox 736 2590 873 2619; x_wconf 88' lang='lat' dir='ltr'>Velleius</span> 
     </span>
     <span class='ocr_line' id='line_1_39' title="bbox 102 2633 873 2673; baseline -0.003 -10"><span class='ocrx_word' id='word_1_332' title='bbox 102 2633 148 2673; x_wconf 86' lang='lat' dir='ltr'>(ii.</span> <span class='ocrx_word' id='word_1_333' title='bbox 174 2634 229 2672; x_wconf 83' lang='lat'>78)</span> <span class='ocrx_word' id='word_1_334' title='bbox 256 2633 376 2662; x_wconf 85' lang='lat' dir='ltr'>alludes</span> <span class='ocrx_word' id='word_1_335' title='bbox 404 2636 437 2661; x_wconf 90' lang='lat' dir='ltr'>to</span> <span class='ocrx_word' id='word_1_336' title='bbox 463 2634 543 2661; x_wconf 81' lang='lat' dir='ltr'>Saxa</span> <span class='ocrx_word' id='word_1_337' title='bbox 573 2633 665 2671; x_wconf 85' lang='lat' dir='ltr'>being</span> <span class='ocrx_word' id='word_1_338' title='bbox 692 2633 873 2662; x_wconf 83' lang='lat' dir='ltr'>afterwards</span> 
     </span>
     <span class='ocr_line' id='line_1_40' title="bbox 100 2675 792 2712; baseline -0.003 -6"><span class='ocrx_word' id='word_1_339' title='bbox 100 2677 195 2707; x_wconf 86' lang='lat' dir='ltr'>killed</span> <span class='ocrx_word' id='word_1_340' title='bbox 213 2677 244 2705; x_wconf 92' lang='lat' dir='ltr'>in</span> <span class='ocrx_word' id='word_1_341' title='bbox 262 2676 315 2705; x_wconf 80' lang='lat' dir='ltr'>the</span> <span class='ocrx_word' id='word_1_342' title='bbox 332 2685 394 2704; x_wconf 84' lang='lat' dir='ltr'>war</span> <span class='ocrx_word' id='word_1_343' title='bbox 409 2675 529 2712; x_wconf 73' lang='lat' dir='ltr'>against</span> <span class='ocrx_word' id='word_1_344' title='bbox 545 2675 598 2704; x_wconf 88' lang='lat' dir='ltr'>the</span> <span class='ocrx_word' id='word_1_345' title='bbox 617 2675 792 2704; x_wconf 78' lang='lat' dir='ltr'>Parthians.</span> 
     </span>
    </p>

    <p class='ocr_par' dir='ltr' id='par_1_6' title="bbox 100 2717 872 2925">
     <span class='ocr_line' id='line_1_41' title="bbox 144 2717 872 2758; baseline -0.001 -10"><span class='ocrx_word' id='word_1_346' title='bbox 144 2720 186 2749; x_wconf 84' lang='lat' dir='ltr'>ad</span> <span class='ocrx_word' id='word_1_347' title='bbox 202 2718 315 2758; x_wconf 77' lang='lat' dir='ltr'>aquas]</span> <span class='ocrx_word' id='word_1_348' title='bbox 364 2717 407 2746; x_wconf 82' lang='lat' dir='ltr'>At</span> <span class='ocrx_word' id='word_1_349' title='bbox 425 2717 527 2746; x_wconf 81' lang='lat' dir='ltr'>Baiae.</span> <span class='ocrx_word' id='word_1_350' title='bbox 574 2718 676 2746; x_wconf 82' lang='lat' dir='ltr'>These</span> <span class='ocrx_word' id='word_1_351' title='bbox 694 2727 799 2747; x_wconf 83' lang='lat' dir='ltr'>coarse</span> <span class='ocrx_word' id='word_1_352' title='bbox 815 2717 872 2747; x_wconf 80' lang='lat' dir='ltr'>fel-</span> 
     </span>
     <span class='ocr_line' id='line_1_42' title="bbox 100 2759 872 2799; baseline -0.003 -8"><span class='ocrx_word' id='word_1_353' title='bbox 100 2762 175 2791; x_wconf 81' lang='lat' dir='ltr'>lows</span> <span class='ocrx_word' id='word_1_354' title='bbox 192 2771 272 2791; x_wconf 86' lang='lat' dir='ltr'>were</span> <span class='ocrx_word' id='word_1_355' title='bbox 297 2760 411 2799; x_wconf 88' lang='lat' dir='ltr'>greedy</span> <span class='ocrx_word' id='word_1_356' title='bbox 433 2760 512 2788; x_wconf 82' lang='lat' dir='ltr'>after</span> <span class='ocrx_word' id='word_1_357' title='bbox 536 2759 591 2788; x_wconf 83' lang='lat' dir='ltr'>the</span> <span class='ocrx_word' id='word_1_358' title='bbox 618 2760 679 2789; x_wconf 84' lang='lat' dir='ltr'>fine</span> <span class='ocrx_word' id='word_1_359' title='bbox 702 2760 816 2789; x_wconf 81' lang='lat' dir='ltr'>houses</span> <span class='ocrx_word' id='word_1_360' title='bbox 839 2763 872 2789; x_wconf 80' lang='lat' dir='ltr'>at</span> 
     </span>
     <span class='ocr_line' id='line_1_43' title="bbox 102 2802 871 2834; baseline -0.003 0"><span class='ocrx_word' id='word_1_361' title='bbox 102 2805 196 2834; x_wconf 85' lang='lat' dir='ltr'>Baiae</span> <span class='ocrx_word' id='word_1_362' title='bbox 222 2804 284 2834; x_wconf 88' lang='lat' dir='ltr'>and</span> <span class='ocrx_word' id='word_1_363' title='bbox 309 2802 495 2832; x_wconf 86' lang='lat' dir='ltr'>Puteoli.-—‘</span> <span class='ocrx_word' id='word_1_364' title='bbox 511 2802 561 2830; x_wconf 91' lang='lat' dir='ltr'>Dii</span> <span class='ocrx_word' id='word_1_365' title='bbox 590 2802 750 2832; x_wconf 86' lang='lat' dir='ltr'>meliora:’</span> <span class='ocrx_word' id='word_1_366' title='bbox 782 2803 871 2832; x_wconf 83' lang='lat' dir='ltr'>there</span> 
     </span>
     <span class='ocr_line' id='line_1_44' title="bbox 100 2844 872 2884; baseline -0.003 -8"><span class='ocrx_word' id='word_1_367' title='bbox 100 2849 125 2876; x_wconf 81' lang='lat' dir='ltr'>is</span> <span class='ocrx_word' id='word_1_368' title='bbox 142 2857 160 2876; x_wconf 87' lang='lat' dir='ltr'>a</span> <span class='ocrx_word' id='word_1_369' title='bbox 175 2847 303 2884; x_wconf 86' lang='lat' dir='ltr'>reading</span> <span class='ocrx_word' id='word_1_370' title='bbox 329 2844 425 2880; x_wconf 82' lang='lat' dir='ltr'>‘det,’</span> <span class='ocrx_word' id='word_1_371' title='bbox 450 2844 527 2874; x_wconf 80' lang='lat' dir='ltr'>but‘</span> <span class='ocrx_word' id='word_1_372' title='bbox 553 2844 604 2872; x_wconf 90' lang='lat' dir='ltr'>Dii</span> <span class='ocrx_word' id='word_1_373' title='bbox 627 2844 776 2874; x_wconf 86' lang='lat' dir='ltr'>meliora’</span> <span class='ocrx_word' id='word_1_374' title='bbox 803 2845 829 2874; x_wconf 88' lang='lat' dir='ltr'>is</span> <span class='ocrx_word' id='word_1_375' title='bbox 854 2856 872 2874; x_wconf 86' lang='lat' dir='ltr'>a</span> 
     </span>
     <span class='ocr_line' id='line_1_45' title="bbox 100 2886 871 2925; baseline -0.005 -5"><span class='ocrx_word' id='word_1_376' title='bbox 100 2899 245 2920; x_wconf 90' lang='lat' dir='ltr'>common</span> <span class='ocrx_word' id='word_1_377' title='bbox 262 2889 353 2925; x_wconf 85' lang='lat' dir='ltr'>form,</span> <span class='ocrx_word' id='word_1_378' title='bbox 367 2898 400 2917; x_wconf 86' lang='lat' dir='ltr'>as</span> <span class='ocrx_word' id='word_1_379' title='bbox 415 2887 447 2916; x_wconf 87' lang='lat' dir='ltr'>in</span> <span class='ocrx_word' id='word_1_380' title='bbox 463 2887 518 2916; x_wconf 86' lang='lat' dir='ltr'>the</span> <span class='ocrx_word' id='word_1_381' title='bbox 536 2886 584 2915; x_wconf 91' lang='lat' dir='ltr'>De</span> <span class='ocrx_word' id='word_1_382' title='bbox 606 2886 679 2915; x_wconf 86' lang='lat' dir='ltr'>Sen.</span> <span class='ocrx_word' id='word_1_383' title='bbox 697 2897 722 2916; x_wconf 91' lang='lat' dir='ltr'>c.</span> <span class='ocrx_word' id='word_1_384' title='bbox 744 2888 792 2923; x_wconf 78' lang='lat'>14,</span> <span class='ocrx_word' id='word_1_385' title='bbox 809 2887 871 2917; x_wconf 83' lang='lat' dir='ltr'>and</span> 
     </span>
    </p>
   </div>
   <div class='ocr_carea' id='block_1_4' title="bbox 916 2418 1693 2928">
    <p class='ocr_par' dir='ltr' id='par_1_7' title="bbox 917 2418 1693 2534">
     <span class='ocr_line' id='line_1_46' title="bbox 918 2418 1692 2459; baseline 0.001 -11"><span class='ocrx_word' id='word_1_386' title='bbox 918 2419 999 2449; x_wconf 90' lang='lat' dir='ltr'>Phil.</span> <span class='ocrx_word' id='word_1_387' title='bbox 1031 2429 1062 2449; x_wconf 85' lang='lat' dir='ltr'>x.</span> <span class='ocrx_word' id='word_1_388' title='bbox 1094 2429 1121 2449; x_wconf 94' lang='lat' dir='ltr'>c.</span> <span class='ocrx_word' id='word_1_389' title='bbox 1153 2421 1182 2449; x_wconf 81' lang='lat'>2.</span> <span class='ocrx_word' id='word_1_390' title='bbox 1229 2418 1298 2449; x_wconf 89' lang='lat' dir='ltr'>The</span> <span class='ocrx_word' id='word_1_391' title='bbox 1325 2419 1481 2458; x_wconf 88' lang='lat' dir='ltr'>complete</span> <span class='ocrx_word' id='word_1_392' title='bbox 1510 2419 1692 2459; x_wconf 77' lang='lat' dir='ltr'>expression</span> 
     </span>
     <span class='ocr_line' id='line_1_47' title="bbox 918 2461 1693 2502; baseline 0.001 -11"><span class='ocrx_word' id='word_1_393' title='bbox 918 2465 925 2478; x_wconf 89' lang='lat'><em>‘</em></span> <span class='ocrx_word' id='word_1_394' title='bbox 938 2462 981 2492; x_wconf 92' lang='lat' dir='ltr'>Di</span> <span class='ocrx_word' id='word_1_395' title='bbox 998 2462 1127 2491; x_wconf 85' lang='lat' dir='ltr'>meliora</span> <span class='ocrx_word' id='word_1_396' title='bbox 1142 2461 1244 2491; x_wconf 81' lang='lat' dir='ltr'>ferant</span> <span class='ocrx_word' id='word_1_397' title='bbox 1258 2461 1265 2475; x_wconf 92' lang='lat'>&#39;</span> <span class='ocrx_word' id='word_1_398' title='bbox 1282 2462 1308 2491; x_wconf 86' lang='lat' dir='ltr'>is</span> <span class='ocrx_word' id='word_1_399' title='bbox 1324 2463 1402 2492; x_wconf 89' lang='lat' dir='ltr'>used</span> <span class='ocrx_word' id='word_1_400' title='bbox 1427 2462 1467 2502; x_wconf 93' lang='lat' dir='ltr'>by</span> <span class='ocrx_word' id='word_1_401' title='bbox 1483 2462 1639 2499; x_wconf 85' lang='lat' dir='ltr'>Tibullus,</span> <span class='ocrx_word' id='word_1_402' title='bbox 1659 2472 1693 2492; x_wconf 84' lang='lat' dir='ltr'>as</span> 
     </span>
     <span class='ocr_line' id='line_1_48' title="bbox 917 2504 1244 2534; baseline -0.003 0"><span class='ocrx_word' id='word_1_403' title='bbox 917 2504 1078 2534; x_wconf 86' lang='lat' dir='ltr'>Ferrarius</span> <span class='ocrx_word' id='word_1_404' title='bbox 1094 2504 1244 2534; x_wconf 86' lang='lat' dir='ltr'>remarks.</span> 
     </span>
    </p>

    <p class='ocr_par' dir='ltr' id='par_1_8' title="bbox 917 2546 1692 2747">
     <span class='ocr_line' id='line_1_49' title="bbox 960 2546 1692 2587; baseline 0.001 -11"><span class='ocrx_word' id='word_1_405' title='bbox 960 2548 1068 2577; x_wconf 75' lang='lat' dir='ltr'>Hasta</span> <span class='ocrx_word' id='word_1_406' title='bbox 1103 2547 1262 2586; x_wconf 75' lang='lat' dir='ltr'>Caesaris]</span> <span class='ocrx_word' id='word_1_407' title='bbox 1312 2546 1454 2577; x_wconf 86' lang='lat' dir='ltr'>Caesar’s</span> <span class='ocrx_word' id='word_1_408' title='bbox 1485 2547 1591 2587; x_wconf 90' lang='lat' dir='ltr'>public</span> <span class='ocrx_word' id='word_1_409' title='bbox 1620 2557 1692 2577; x_wconf 88' lang='lat' dir='ltr'>auc-</span> 
     </span>
     <span class='ocr_line' id='line_1_50' title="bbox 918 2589 1691 2629; baseline 0 -10"><span class='ocrx_word' id='word_1_410' title='bbox 918 2590 1001 2619; x_wconf 85' lang='lat' dir='ltr'>tions</span> <span class='ocrx_word' id='word_1_411' title='bbox 1032 2590 1067 2620; x_wconf 89' lang='lat' dir='ltr'>of</span> <span class='ocrx_word' id='word_1_412' title='bbox 1095 2589 1286 2619; x_wconf 84' lang='lat' dir='ltr'>confiscated</span> <span class='ocrx_word' id='word_1_413' title='bbox 1316 2593 1476 2629; x_wconf 87' lang='lat' dir='ltr'>property.</span> <span class='ocrx_word' id='word_1_414' title='bbox 1522 2591 1600 2620; x_wconf 87' lang='lat' dir='ltr'>This</span> <span class='ocrx_word' id='word_1_415' title='bbox 1630 2600 1691 2620; x_wconf 89' lang='lat' dir='ltr'>was</span> 
     </span>
     <span class='ocr_line' id='line_1_51' title="bbox 917 2632 1690 2671; baseline 0.001 -10"><span class='ocrx_word' id='word_1_416' title='bbox 917 2633 973 2662; x_wconf 87' lang='lat' dir='ltr'>the</span> <span class='ocrx_word' id='word_1_417' title='bbox 997 2633 1073 2662; x_wconf 90' lang='lat' dir='ltr'>time</span> <span class='ocrx_word' id='word_1_418' title='bbox 1089 2633 1179 2662; x_wconf 90' lang='lat' dir='ltr'>when</span> <span class='ocrx_word' id='word_1_419' title='bbox 1205 2632 1336 2671; x_wconf 82' lang='lat' dir='ltr'>beggars</span> <span class='ocrx_word' id='word_1_420' title='bbox 1363 2632 1492 2662; x_wconf 85' lang='lat' dir='ltr'>became</span> <span class='ocrx_word' id='word_1_421' title='bbox 1516 2633 1582 2663; x_wconf 86' lang='lat' dir='ltr'>rich</span> <span class='ocrx_word' id='word_1_422' title='bbox 1606 2643 1690 2668; x_wconf 89' lang='lat' dir='ltr'>men,</span> 
     </span>
     <span class='ocr_line' id='line_1_52' title="bbox 917 2675 1690 2715; baseline 0.003 -11"><span class='ocrx_word' id='word_1_423' title='bbox 917 2675 1019 2704; x_wconf 89' lang='lat' dir='ltr'>which</span> <span class='ocrx_word' id='word_1_424' title='bbox 1034 2676 1061 2704; x_wconf 90' lang='lat' dir='ltr'>is</span> <span class='ocrx_word' id='word_1_425' title='bbox 1077 2685 1137 2705; x_wconf 91' lang='lat' dir='ltr'>one</span> <span class='ocrx_word' id='word_1_426' title='bbox 1150 2675 1185 2704; x_wconf 89' lang='lat' dir='ltr'>of</span> <span class='ocrx_word' id='word_1_427' title='bbox 1196 2675 1251 2704; x_wconf 88' lang='lat' dir='ltr'>the</span> <span class='ocrx_word' id='word_1_428' title='bbox 1267 2675 1413 2715; x_wconf 85' lang='lat' dir='ltr'>ordinary</span> <span class='ocrx_word' id='word_1_429' title='bbox 1428 2676 1541 2705; x_wconf 86' lang='lat' dir='ltr'>results</span> <span class='ocrx_word' id='word_1_430' title='bbox 1554 2676 1590 2705; x_wconf 90' lang='lat' dir='ltr'>of</span> <span class='ocrx_word' id='word_1_431' title='bbox 1601 2685 1690 2706; x_wconf 91' lang='lat' dir='ltr'>revo-</span> 
     </span>
     <span class='ocr_line' id='line_1_53' title="bbox 918 2718 1029 2747; baseline -0.009 0"><span class='ocrx_word' id='word_1_432' title='bbox 918 2718 1029 2747; x_wconf 84' lang='lat' dir='ltr'>lution.</span> 
     </span>
    </p>

    <p class='ocr_par' dir='ltr' id='par_1_9' title="bbox 916 2759 1690 2928">
     <span class='ocr_line' id='line_1_54' title="bbox 958 2759 1688 2799; baseline 0 -9"><span class='ocrx_word' id='word_1_433' title='bbox 958 2762 988 2791; x_wconf 79' lang='lat'>4.</span> <span class='ocrx_word' id='word_1_434' title='bbox 1019 2761 1054 2796; x_wconf 84' lang='lat' dir='ltr'>Q.</span> <span class='ocrx_word' id='word_1_435' title='bbox 1078 2759 1206 2799; x_wconf 73' lang='lat' dir='ltr'>Fufius]</span> <span class='ocrx_word' id='word_1_436' title='bbox 1243 2759 1389 2790; x_wconf 86' lang='lat' dir='ltr'>Calenus.</span> <span class='ocrx_word' id='word_1_437' title='bbox 1436 2760 1494 2790; x_wconf 89' lang='lat' dir='ltr'>See</span> <span class='ocrx_word' id='word_1_438' title='bbox 1520 2761 1599 2790; x_wconf 91' lang='lat' dir='ltr'>Phil.</span> <span class='ocrx_word' id='word_1_439' title='bbox 1616 2771 1645 2790; x_wconf 93' lang='lat' dir='ltr'>v.</span> <span class='ocrx_word' id='word_1_440' title='bbox 1662 2770 1688 2790; x_wconf 85' lang='lat' dir='ltr'>e.</span> 
     </span>
     <span class='ocr_line' id='line_1_55' title="bbox 918 2803 1690 2837; baseline -0.001 -5"><span class='ocrx_word' id='word_1_441' title='bbox 918 2803 946 2837; x_wconf 88' lang='lat'>1,</span> <span class='ocrx_word' id='word_1_442' title='bbox 970 2803 1033 2832; x_wconf 88' lang='lat' dir='ltr'>and</span> <span class='ocrx_word' id='word_1_443' title='bbox 1059 2803 1113 2832; x_wconf 89' lang='lat' dir='ltr'>the</span> <span class='ocrx_word' id='word_1_444' title='bbox 1144 2807 1228 2832; x_wconf 84' lang='lat' dir='ltr'>note.</span> <span class='ocrx_word' id='word_1_445' title='bbox 1275 2803 1327 2832; x_wconf 90' lang='lat' dir='ltr'>On</span> <span class='ocrx_word' id='word_1_446' title='bbox 1354 2813 1372 2832; x_wconf 90' lang='lat' dir='ltr'>a</span> <span class='ocrx_word' id='word_1_447' title='bbox 1402 2803 1517 2832; x_wconf 87' lang='lat' dir='ltr'>former</span> <span class='ocrx_word' id='word_1_448' title='bbox 1547 2803 1690 2833; x_wconf 87' lang='lat' dir='ltr'>occasion</span> 
     </span>
     <span class='ocr_line' id='line_1_56' title="bbox 916 2844 1689 2883; baseline 0.001 -9"><span class='ocrx_word' id='word_1_449' title='bbox 916 2845 1027 2875; x_wconf 88' lang='lat' dir='ltr'>Cicero</span> <span class='ocrx_word' id='word_1_450' title='bbox 1051 2845 1163 2883; x_wconf 82' lang='lat' dir='ltr'>speaks</span> <span class='ocrx_word' id='word_1_451' title='bbox 1191 2844 1226 2875; x_wconf 91' lang='lat' dir='ltr'>of</span> <span class='ocrx_word' id='word_1_452' title='bbox 1247 2845 1383 2875; x_wconf 85' lang='lat' dir='ltr'>Calenus</span> <span class='ocrx_word' id='word_1_453' title='bbox 1403 2856 1436 2875; x_wconf 85' lang='lat' dir='ltr'>as</span> <span class='ocrx_word' id='word_1_454' title='bbox 1461 2846 1628 2875; x_wconf 86' lang='lat' dir='ltr'>‘tribunus</span> <span class='ocrx_word' id='word_1_455' title='bbox 1644 2845 1689 2883; x_wconf 91' lang='lat' dir='ltr'>pl.</span> 
     </span>
     <span class='ocr_line' id='line_1_57' title="bbox 916 2885 1690 2928; baseline -0.001 -11"><span class='ocrx_word' id='word_1_456' title='bbox 916 2887 1114 2918; x_wconf 76' lang='lat' dir='ltr'>levissimus’</span> <span class='ocrx_word' id='word_1_457' title='bbox 1151 2885 1215 2927; x_wconf 79' lang='lat' dir='ltr'>(Ad</span> <span class='ocrx_word' id='word_1_458' title='bbox 1242 2887 1312 2917; x_wconf 80' lang='lat' dir='ltr'>Att.</span> <span class='ocrx_word' id='word_1_459' title='bbox 1344 2888 1364 2918; x_wconf 89' lang='lat' dir='ltr'>i.</span> <span class='ocrx_word' id='word_1_460' title='bbox 1398 2887 1469 2928; x_wconf 81' lang='lat' dir='ltr'>l4);</span> <span class='ocrx_word' id='word_1_461' title='bbox 1509 2888 1571 2917; x_wconf 90' lang='lat' dir='ltr'>and</span> <span class='ocrx_word' id='word_1_462' title='bbox 1599 2887 1690 2926; x_wconf 82' lang='lat' dir='ltr'>again</span> 
     </span>
    </p>
   </div>
  </div>
 </body>
</html>
