1816 3211
125 153 208 196 176
358 151 536 193 ORAT.
570 151 635 191 IN
669 151 717 192 L.
751 149 1171 191 GALPURNIUM
1206 147 1482 190 PISONEM

125 269 287 315 senatu,
311 264 440 319 pulsis
461 279 483 304 e
504 264 592 305 foro
614 263 734 304 bonis
756 263 958 311 omnibus,
992 266 1116 316 capta
1136 275 1181 301 re
1203 261 1379 315 publica,
1403 265 1549 301 contra
1570 275 1714 301 omnes

125 330 239 383 leges
270 329 380 369 nullo
412 329 569 383 scripta
601 342 727 376 more,
761 327 866 366 hanc
898 325 965 380 qui
997 340 1041 365 se
1073 330 1259 366 metuere
1292 324 1490 373 dicerent,
1520 326 1595 365 hos
1617 340 1714 365 con-

125 393 247 441 sules,
272 407 353 432 non
376 393 510 432 dicam
531 392 656 432 animi
678 391 903 439 hominum,
927 389 1001 429 sed
1021 389 1118 429 fasti
1139 389 1209 428 ulli
1231 389 1336 429 ferre
1358 390 1563 443 possunt?
1604 389 1714 429 Nam

125 457 160 497 si
181 457 292 497 illam
312 457 445 510 legem
467 470 547 495 non
569 454 794 509 putabatis,
828 468 934 507 quae
965 457 1057 493 erat
1088 457 1235 493 contra
1262 467 1404 493 omnes
1424 452 1537 506 leges
1559 453 1713 493 indem-

125 521 213 561 nati
236 521 334 560 civis
358 525 483 573 atque
516 518 667 572 integri
699 517 848 571 capitis
881 518 1165 570 bonorumque
1200 515 1423 557 tribunicia
1450 516 1712 570 proscriptio,

126 587 203 626 hac
225 590 363 625 tamen
385 583 578 624 obstricti
608 582 802 637 pactione
832 581 1098 630 tenebamini,
1131 581 1222 635 quis
1252 595 1326 621 vos
1352 596 1433 620 non
1464 582 1586 622 modo
1618 596 1714 621 con-

126 650 246 698 sules,
270 649 343 688 sed
363 648 517 688 liberos
539 647 666 687 fuisse
694 651 828 701 putet,
862 661 1038 701 quorum
1068 660 1185 686 mens
1217 645 1343 685 fuerit
1376 659 1576 699 oppressa
1596 660 1714 699 prae-

125 713 221 762 mio,
263 712 406 766 lingua
445 711 652 752 adstricta
686 710 907 751 mercede?
969 709 1042 750 Sin
1075 709 1185 749 illam
1219 723 1292 749 vos
1322 709 1398 748 soli
1428 709 1563 763 legem
1593 714 1713 764 puta-

125 778 250 826 batis,
273 777 491 831 quisquam
521 790 595 815 vos
626 774 816 815 consules
843 779 945 815 tunc
976 774 1104 814 fuisse
1131 778 1206 814 aut
1233 787 1343 813 nunc
1365 787 1455 813 esse
1478 773 1721 825 consulares*

126 846 261 897 putet,
297 840 366 895 qui
397 840 487 894 ejus
513 839 706 887 civitatis,
741 839 780 879 in
816 854 897 893 qua
924 838 966 878 in
997 837 1229 892 principum
1260 851 1432 877 numero
1463 837 1587 877 vultis
1608 851 1712 885 esse,

125 922 208 947 non
228 906 354 960 leges,
387 919 468 944 non
500 898 706 953 instituta,
739 918 821 943 non
854 917 1003 948 mores,
1032 917 1112 942 non
1141 902 1238 955 jura
1260 901 1436 942 noritis?
1497 901 1567 941 An
1589 916 1716 955 quum

126 968 499 1026 proficiscebamini
521 967 707 1022 paludati
739 967 780 1007 in
813 967 1045 1022 provincias
1066 966 1128 1006 vel
1151 970 1314 1020 emptas
1334 966 1398 1005 vel
1420 970 1596 1019 ereptas,
1621 980 1715 1006 con-

127 1035 236 1076 sules
269 1049 341 1074 vos
373 1033 588 1087 quisquam
622 1031 812 1086 putavit?
874 1032 1034 1085 Itaque,
1074 1030 1210 1079 credo,
1249 1029 1283 1069 si
1314 1029 1450 1069 minus
1481 1030 1716 1084 frequentia

127 1114 203 1140 sua
223 1104 406 1139 vestrum
440 1111 654 1151 egressum
687 1096 873 1135 ornando
894 1100 1021 1149 atque
1049 1094 1307 1142 celebrando,
1340 1099 1384 1134 at
1410 1094 1615 1134 ominibus
1637 1094 1715 1134 sal-

127 1169 212 1205 tem
244 1163 365 1203 bonis
395 1166 443 1202 ut
474 1161 675 1209 consules,
709 1174 792 1199 non
825 1158 1078 1200 tristissimis
1109 1162 1156 1198 ut
1190 1159 1334 1199 hostes
1366 1163 1441 1198 aut
1481 1159 1715 1212 proditores

125 1227 497 1283 prosequebantur.

186 1291 319 1331 XIV.
354 1290 472 1329 Tune
505 1289 646 1337 etiam,
684 1287 1027 1328 immanissimum
1062 1301 1111 1327 ac
1146 1286 1432 1328 foedissimum
1467 1292 1712 1337 monstrum,

125 1371 252 1397 ausus
273 1370 318 1395 es
334 1369 467 1394 meum
486 1354 713 1394 discessum
734 1353 859 1401 illum,
882 1357 1037 1393 testem
1059 1351 1225 1392 sceleris
1247 1357 1291 1392 et
1313 1351 1572 1392 crudelitatis
1604 1357 1714 1400 tuae,

125 1419 334 1461 maledicti
356 1424 399 1459 et
421 1417 696 1459 contumeliae
726 1417 817 1458 loco
847 1417 1027 1471 ponere?
1087 1416 1180 1467 Quo
1212 1416 1379 1471 quidem
1400 1421 1590 1470 tempore
1612 1416 1713 1470 cepi,

125 1490 269 1540 patres
297 1482 535 1537 conscripti,
569 1482 753 1522 fructum
785 1480 1063 1521 immortalem
1095 1480 1222 1520 vestri
1254 1480 1297 1520 in
1328 1495 1394 1520 me
1425 1486 1468 1521 et
1498 1480 1652 1520 amoris
1674 1486 1717 1521 et

120 1548 279 1604 judicii,
322 1547 392 1602 qui
432 1561 515 1586 non
555 1545 950 1592 admurmuratione,
991 1544 1065 1584 sed
1104 1558 1206 1584 voce
1247 1549 1291 1585 et
1327 1544 1518 1591 clamore,
1560 1544 1717 1597 abjecti

124 1612 302 1653 hominis
324 1617 368 1652 et
389 1610 572 1651 semivivi
604 1610 787 1649 furorem
817 1608 1174 1663 petulantiamque
1204 1608 1401 1662 fregistis.
1464 1608 1528 1648 Tu
1558 1608 1717 1649 luctum

124 1681 308 1720 senatus.
334 1680 379 1716 tu
406 1674 657 1714 desiderium
691 1673 898 1728 equestris
926 1672 1093 1722 ordinis,
1129 1677 1176 1712 tu
1203 1673 1440 1726 squalorem
1475 1672 1636 1720 Italiae,
1669 1677 1716 1713 tu

126 1741 263 1781 curiae
285 1739 618 1781 taciturnitatem
646 1752 839 1785 annuam,
873 1742 920 1778 tu
954 1736 1163 1777 silentium
1196 1741 1443 1790 perpetuum
1464 1736 1717 1790 judiciorum

127 1821 177 1847 ac
203 1805 294 1853 fori,
317 1810 364 1845 tu
387 1809 526 1844 cetera
547 1803 615 1843 illa
635 1803 676 1842 in
698 1801 909 1842 maledicti
929 1802 1021 1842 loco
1052 1815 1193 1856 pones,
1228 1815 1332 1855 quae
1362 1816 1478 1840 meus
1509 1801 1718 1841 discessus

128 1871 187 1911 rei
226 1868 414 1924 publicae
458 1868 627 1906 vulnera
675 1866 855 1906 inflixit?
916 1865 996 1917 Qui
1039 1865 1073 1905 si
1123 1865 1507 1905 calamitosissimus
1555 1865 1714 1914 fuisset,

128 1941 269 1976 tamen
291 1931 575 1972 misericordia
596 1930 760 1984 dignior
788 1944 913 1984 quam
941 1929 1190 1970 contumelia
1220 1934 1264 1969 et
1295 1943 1388 1969 cum
1418 1928 1550 1982 gloria
1576 1928 1718 1982 potius

130 2014 221 2040 esse
243 1998 492 2051 conjunctus
523 2009 644 2049 quaxn
677 2008 771 2034 cum
802 1994 954 2048 probro
975 1998 1206 2047 putaretur,
1230 1998 1356 2046 atque
1377 1992 1442 2033 ille
1465 1993 1581 2033 dolor
1601 2007 1717 2033 meus

131 2065 364 2111 dumtaxat,
398 2065 580 2101 vestrum
611 2058 776 2113 quidem
805 2057 941 2097 scelus
975 2070 1023 2096 ac
1064 2056 1247 2096 dedecus
1281 2057 1518 2097 haberetur.
1581 2057 1717 2108 Quum

947 2179 972 2199 c.
991 2170 1028 2204 7:
1055 2171 1120 2198 “ac
1134 2171 1241 2198 tamen
1263 2168 1322 2198 hac
1344 2177 1407 2197 una
1428 2168 1555 2207 plaga,”
1571 2169 1673 2198 which
1691 2169 1718 2199 is

946 2211 1117 2241 Wunder’s
1140 2210 1323 2246 correction,
1340 2211 1395 2240 the
1419 2221 1565 2241 common
1589 2211 1718 2250 reading

947 2254 1041 2292 being
1068 2254 1145 2283 ‘hac
1175 2257 1281 2283 tamen
1311 2263 1375 2282 una
1405 2253 1519 2292 plaga.’
1570 2253 1634 2283 But
1663 2254 1718 2283 the

948 2296 1043 2326 MSS.
1081 2296 1225 2335 readings
1262 2296 1293 2324 in
1333 2296 1403 2325 that
1439 2306 1568 2335 passage
1605 2296 1719 2334 clearly

948 2339 1032 2369 show
1048 2339 1118 2368 that
1133 2341 1140 2355 ‘
1152 2349 1188 2368 ac
1210 2341 1317 2368 tamen
1340 2338 1399 2368 hac
1421 2348 1483 2368 una
1498 2338 1505 2352 ’
1522 2338 1549 2368 is
1571 2338 1626 2368 the
1648 2342 1718 2368 true

131 2176 221 2216 phor.
267 2174 396 2205 Abi-ami
420 2182 500 2212 says,
518 2171 637 2211 “quasi
652 2170 734 2200 ferro
756 2169 902 2199 candenti

131 2219 163 2248 in
182 2218 226 2247 rei
248 2217 390 2257 publicae
413 2216 517 2244 fronte
543 2214 582 2243 ad
605 2217 789 2253 perpetuam
812 2212 901 2250 igno-

132 2261 260 2290 miniani
288 2257 473 2297 impressa.''
520 2257 629 2287 Cicero
656 2256 732 2285 then
759 2255 843 2293 gives
866 2264 903 2283 us

133 2302 265 2333 another
278 2301 457 2340 expression
474 2310 559 2328 more
571 2298 780 2337 appropriate,
792 2302 799 2313 ⁴
808 2297 904 2326 incisa

133 2355 189 2384 per
204 2343 289 2379 vim,'
308 2347 360 2372 cut
377 2353 417 2371 on
434 2342 487 2371 the
503 2341 620 2370 bronze
645 2339 668 2380 (⁴
680 2341 785 2379 legum
808 2339 902 2376 aera,'

136 2388 174 2417 In
192 2387 260 2417 Cat.
279 2386 322 2414 iii.
340 2395 365 2414 c.
382 2386 412 2420 8,
430 2385 498 2413 Vol.
517 2383 587 2423 iii.).

178 2431 238 2458 hac
255 2427 374 2466 tamen]
403 2427 438 2456 C.
473 2427 568 2456 Halm
585 2425 688 2454 writes
706 2426 760 2454 ‘ac
775 2422 902 2460 tamen,’

135 2471 294 2508 following
320 2469 473 2498 Wunder.
529 2467 636 2498 ‘Hac'
664 2467 725 2496 and
753 2465 825 2496 ‘ac'
853 2477 905 2496 are

135 2515 222 2545 often
246 2512 454 2542 confounded.
500 2511 642 2540 Wunder
665 2519 735 2548 says
758 2509 827 2538 that
850 2509 904 2538 be-

136 2557 217 2587 sides
240 2556 294 2584 the
315 2553 400 2583 word
423 2554 458 2582 of
479 2553 658 2592 opposition
683 2551 830 2592 (tamen),
851 2552 905 2581 the

137 2598 221 2629 word
242 2599 277 2627 of
296 2596 469 2625 connexion
489 2595 552 2634 (ac)
581 2596 606 2623 is
627 2595 692 2624 also
709 2594 841 2623 wanted.
887 2594 903 2623 I

134 2641 227 2671 think
243 2640 297 2669 the
312 2638 396 2667 word
420 2638 455 2666 of
475 2637 657 2672 connexion,
674 2637 795 2675 though
816 2636 905 2665 there

135 2684 162 2714 is
177 2694 195 2713 a
211 2682 397 2716 connexion,
409 2680 504 2718 spoils
521 2679 574 2708 the
590 2682 747 2713 sentence,
758 2678 819 2707 and
836 2679 905 2708 that

138 2727 214 2755 ‘hac
229 2723 354 2754 tamen'
371 2723 397 2752 is
413 2722 506 2760 right.
556 2721 699 2750 Wunder
720 2720 820 2749 shows
837 2720 906 2750 that

137 2771 192 2798 ‘ac
217 2765 343 2797 tamen’
369 2775 440 2803 may
470 2764 509 2792 be
540 2763 606 2792 said
635 2762 763 2792 as·well
793 2772 826 2792 as
855 2765 905 2792 ‘et

135 2816 241 2841 tamen
254 2809 272 2845 ;’
290 2808 351 2838 and
378 2807 447 2837 that
473 2809 558 2835 must
581 2805 620 2834 be
644 2804 805 2834 admitted.
853 2804 904 2834 He

136 2853 232 2883 refers
248 2855 281 2882 to
296 2851 350 2881 the
365 2859 494 2890 passage
511 2848 544 2878 in
562 2847 617 2878 the
632 2847 683 2877 De
699 2846 790 2876 Prov.
807 2846 902 2876 Cons.

947 2381 1076 2420 reading
1091 2381 1189 2410 there.

985 2423 1155 2462 paludati]
1184 2423 1242 2452 See
1258 2422 1368 2457 Index,
1385 2422 1456 2452 Vol.
1473 2422 1494 2452 i.

992 2469 1048 2496 aut
1066 2465 1267 2504 proditores]
1295 2464 1390 2494 ‘aut’
1415 2465 1451 2495 C.

950 2511 958 2525 ⁴
969 2511 1005 2538 ut
1019 2507 1026 2521 ’
1043 2508 1227 2547 Nipperdei.

994 2552 1044 2581 14.
1074 2550 1252 2588 maledicti]
1295 2552 1302 2567 ‘
1319 2549 1352 2579 in
1390 2549 1548 2578 maledicti
1562 2549 1568 2560 ’
1609 2549 1716 2578 Halm.

950 2593 1003 2622 ‘in
1018 2593 1025 2606 '
1042 2603 1104 2622 om.
1123 2592 1158 2622 C.
1209 2592 1304 2622 Halm
1325 2591 1434 2621 thinks
1449 2592 1518 2621 that
1534 2591 1588 2620 the
1603 2601 1716 2630 prepo-

949 2636 1041 2666 sition
1057 2635 1083 2665 is
1099 2635 1233 2664 wanted.
1280 2635 1312 2664 It
1327 2644 1434 2663 occurs
1451 2634 1570 2672 shortly
1586 2634 1674 2663 after.

991 2678 1145 2716 ammam]
1174 2677 1334 2715 ‘duringa
1346 2676 1446 2705 whole
1462 2675 1555 2714 year,’
1572 2676 1626 2705 the
1644 2685 1718 2705 con-

950 2720 1069 2759 sulship
1094 2719 1130 2749 of
1152 2719 1223 2749 Piso
1246 2720 1308 2748 and
1336 2719 1498 2748 Gabinius.
1548 2718 1617 2747 The
1643 2727 1718 2747 con-

949 2762 1057 2792 tinued
1079 2762 1194 2792 silence
1210 2761 1246 2790 of
1265 2761 1319 2790 the
1335 2764 1439 2790 courts
1455 2761 1480 2790 is
1496 2760 1617 2799 spoken
1632 2759 1668 2789 of
1686 2759 1719 2788 in

948 2805 1003 2835 the
1018 2805 1139 2835 oration
1156 2805 1195 2834 In
1210 2804 1316 2834 Vatin.
1333 2813 1359 2833 c.
1374 2804 1404 2833 3.

1500 2463 1573 2494 ‘ac'
1600 2464 1716 2501 Halm3
