1816 3211
671 162 804 204 CAP.
837 165 1019 205 22—24.
1568 171 1649 214 147

50 276 301 318 ornatissimi
327 277 412 327 viri,
438 277 636 317 damnato
666 276 715 317 T.
739 276 894 324 Coelio.
917 278 1124 333 quomodo
1152 293 1205 319 ex
1230 280 1376 320 eadem
1404 281 1574 323 civitate
1597 283 1644 325 T.

49 342 269 397 CoponiuS,
304 341 404 382 civis
438 342 540 383 item
576 356 738 382 summa
768 342 923 383 virtute
956 348 1000 384 et
1033 343 1490 400 dignitate‚—nepotes
1524 347 1572 387 T.
1604 354 1647 389 et

4 398 7 400 .
47 406 93 447 C.
117 406 326 462 Coponios
347 407 738 448 nostis—damnato
762 406 808 449 C.
834 408 1014 449 Masone
1036 409 1136 449 civis
1158 408 1374 451 Romanus
1396 417 1458 451 est
1480 411 1620 453 factus

46 472 118 512 An
138 472 280 527 lingua
301 477 344 513 et
368 472 536 527 ingenio
568 472 758 527 patefieri
788 473 929 514 aditus
961 474 1014 514 ad
1043 473 1258 516 civitatem
1279 475 1432 531 potuit,
1457 491 1582 517 manu
1604 482 1647 518 et

45 537 199 578 virtute
220 551 304 577 non
325 538 490 592 potuit?
520 553 627 579 anne
649 538 700 578 de
725 538 846 578 nobis
871 539 1036 580 trahere
1064 540 1196 594 spolia
1224 541 1449 582 foederatis
1479 542 1643 593 licebat,

48 603 98 643 de
120 603 311 643 hostibus
339 617 421 643 non
448 603 630 644 licebat?
661 617 727 653 an,
752 604 862 658 quod
883 604 1061 659 adipisci
1092 610 1288 659 poterant
1313 605 1499 656 dicendo,
1523 606 1565 647 id
1586 607 1646 648 eis

45 668 270 722 pugnando
292 667 458 722 assequi
480 683 562 708 non
585 667 766 709 licebat?
801 683 854 708 an
876 669 1113 710 accusatori
1135 670 1315 724 majores
1331 671 1465 712 nostri
1486 673 1647 729 majora

44 732 229 787 praemia
250 747 373 787 quam
395 733 587 773 bellatori
609 747 699 773 esse
722 733 968 774 voluerunt?

103 797 290 838 XXIV.
344 797 464 849 Quod
504 798 540 838 si
580 797 848 838 acerbissima
887 798 978 853 lege
1021 798 1196 840 Servilia
1236 800 1446 855 principes
1486 802 1562 842 viri
1603 808 1646 844 et

42 862 275 917 gravissimi
309 868 351 903 et
385 862 684 918 sapientissimi
718 862 829 903 cives
859 863 966 903 hanc
1010 863 1186 910 Latinis,
1228 864 1270 904 id
1307 870 1371 906 est
1404 865 1642 916 foederatis,

41 927 150 968 viam
171 928 224 968 ad
246 927 461 969 civitatem
483 928 623 983 populi
640 928 762 982 jussu
783 932 928 983 patere
960 929 1071 983 passi
1103 935 1214 980 sunt,
1238 944 1372 984 neque
1393 930 1458 971 his
1479 937 1545 973 est
1565 933 1643 972 hoc

40 993 339 1047 reprehensum
363 993 520 1034 Licinia
547 999 589 1034 et
614 993 759 1034 Mucia
781 993 885 1049 lege,
910 1008 1037 1048 quum
1068 995 1316 1049 praesertim
1346 1011 1479 1051 genus
1509 997 1644 1052 ipsum

39 1058 321 1099 accusationis
352 1063 395 1100 et
425 1073 577 1099 nomen
604 1064 647 1099 et
678 1059 884 1113 ejusmodi
914 1059 1157 1114 praemium,
1183 1060 1294 1115 quod
1322 1075 1443 1101 nemo
1477 1063 1643 1117 assequi

40 1128 187 1178 posset
207 1123 286 1164 nisi
308 1138 361 1164 ex
381 1123 588 1164 senatoris
609 1124 861 1174 calamita-te,
878 1121 1019 1179 'neque
1050 1125 1235 1166 senatori
1262 1140 1396 1180 neque
1425 1126 1533 1166 bono
1559 1127 1643 1167 cui-

40 1203 166 1243 quam
196 1188 319 1229 nimis
346 1189 579 1243 jucundum
614 1203 705 1230 esse
740 1194 895 1244 posset,
926 1189 1203 1231 dubitandum
1234 1191 1313 1231 fuit
1345 1191 1455 1246 quin,
1484 1206 1564 1246 quo
1600 1191 1641 1232 in

39 1268 191 1309 genere
208 1253 397 1307 judicum
417 1253 601 1307 praemia
622 1259 716 1295 rata
737 1259 889 1302 essent,
913 1253 954 1293 in
976 1254 1123 1295 eodem
1150 1255 1310 1308 judicia
1341 1256 1641 1310 imperatorum

39 1317 253 1358 valerent?
321 1317 432 1357 Num
463 1318 613 1358 fundos
644 1318 774 1372 igitur
804 1319 940 1359 factos
970 1319 1144 1373 populos
1180 1319 1355 1361 Latinos
1387 1321 1641 1362 arbitramur

41 1387 115 1424 aut
144 1382 342 1424 Serviliae
372 1383 454 1438 legi
485 1388 561 1424 aut
590 1383 753 1433 ceteris,
777 1383 927 1438 quibus
961 1383 1125 1424 Latinis
1156 1385 1392 1427 hominibus
1423 1396 1514 1428 erat
1546 1402 1638 1442 pro—

39 1447 222 1503 positum
243 1448 382 1502 aliqua
402 1463 454 1488 ex
471 1463 515 1488 re
536 1448 766 1503 praemium
784 1448 992 1489 civitatis?
1034 1449 1288 1504 Cognoscite
1310 1466 1417 1492 nunc
1434 1452 1638 1505 judicium

39 1518 222 1563 senatus,
265 1513 377 1567 quod
417 1527 580 1567 semper
615 1513 774 1567 judicio
815 1517 881 1554 est
920 1514 1061 1569 populi
1101 1517 1431 1570 comprobatum.
1509 1517 1638 1558 Sacra

40 1577 216 1627 Cereris,
236 1577 413 1632 judices,
436 1592 597 1618 summa
619 1578 800 1632 majores
820 1578 954 1618 nostri
975 1579 1176 1634 religione
1199 1580 1347 1620 confici
1368 1580 1632 1622 caerimonia-

37 1659 117 1699 que
149 1643 394 1690 voluerunt;
441 1657 547 1698 quae
584 1657 711 1697 quum
747 1648 889 1684 essent
923 1650 1140 1698 assumpta
1173 1645 1223 1684 de
1257 1645 1448 1696 Graecia,
1484 1654 1526 1686 et
1563 1662 1636 1701 per

38 1709 222 1749 Graecas
250 1713 396 1749 curata
426 1723 590 1763 semper
611 1713 710 1749 sunt
731 1709 973 1750 sacerdotes
995 1715 1038 1750 et
1059 1709 1224 1750 Graeca
1245 1711 1384 1751 onmia
1405 1711 1634 1754 nominata.

38 1773 122 1814 Sed
153 1788 280 1828 quum
311 1773 433 1822 illam,
457 1788 562 1828 quae
585 1772 792 1814 Graecum
814 1773 913 1814 illud
935 1788 1099 1814 sacrum
1124 1780 1379 1816 monstraret
1400 1781 1444 1816 et
1464 1776 1631 1826 faceret.

34 1853 87 1879 ex
119 1838 295 1879 Graecia
324 1838 566 1893 deligerent,
590 1843 731 1879 tamen
762 1853 882 1879 sacra
911 1854 986 1893 pro
1016 1839 1175 1880 civibus
1205 1839 1336 1881 civem
1364 1840 1499 1881 facere
1520 1841 1632 1882 volu-

34 1909 168 1953 erunt,
203 1908 251 1945 ut
291 1904 392 1944 deos
431 1903 689 1944 immortales
729 1903 906 1944 seientia
936 1904 1155 1959 peregrina
1187 1911 1229 1945 et
1265 1911 1452 1955 externa,
1490 1911 1631 1947 mente

33 1968 263 2009 domestica
303 1972 346 2009 et
387 1967 495 2008 civili
534 1972 790 2023 precaretur.
854 1967 947 2009 Has
991 1969 1232 2009 sacerdotes
1272 1969 1390 2010 video
1430 1970 1516 2010 fere
1555 1977 1631 2012 aut

34 2031 336 2087 Neapolitanas
352 2037 427 2074 aut
442 2032 662 2074 Velienses
674 2032 815 2084 fuisse,
830 2033 1140 2074 foederatarum
1153 2033 1242 2074 sine
1256 2034 1381 2075 dubio
1397 2034 1627 2076 civitatum.

75 2163 242 2201 damnato]
290 2163 393 2193 These
420 2173 493 2194 men
519 2166 575 2203 got
601 2163 656 2194 the
682 2164 807 2194 Roman
853 2164 1061 2199 condemned,
1093 2164 1155 2194 and
1189 2164 1243 2194 the
1273 2168 1458 2204 prosecutor
1487 2169 1542 2205 got
1571 2167 1627 2196 the

32 2208 40 2222 ‘
54 2205 182 2236 civitas'
209 2206 251 2246 by
275 2207 479 2246 prosecuting
502 2217 521 2236 a
547 2207 672 2236 Roman
695 2207 808 2237 citizen
854 2208 979 2237 Roman
997 2211 1004 2224 ⁴
1021 2207 1145 2237 civitas'
1163 2217 1196 2238 as
1212 2218 1230 2237 a
1245 2208 1363 2237 reward
1379 2208 1427 2238 for
1443 2208 1490 2238 his
1507 2210 1608 2248 pains.

31 2251 66 2277 to
89 2249 275 2285 conviction,
302 2249 403 2279 under
438 2250 493 2279 the
521 2249 587 2279 Lex
615 2249 745 2279 Servilia
769 2250 810 2280 de

33 2291 174 2330 pecuniis
201 2292 395 2331 repetundis.
433 2293 541 2330 (Reiu,
559 2292 625 2322 Das
642 2292 808 2323 Criminal-

32 2333 123 2363 recht
137 2333 192 2363 der
209 2334 336 2369 Romer,
353 2345 383 2374 p.
401 2334 491 2374 619.)

76 2375 240 2416 bellatori]
267 2380 275 2394 ‘
288 2377 475 2407 bellatorum
491 2378 498 2391 '
517 2377 555 2408 G.
574 2377 611 2407 E.

76 2418 128 2447 24.
156 2418 222 2457 his]
251 2419 287 2449 C.
321 2423 328 2437 ‘
341 2420 413 2459 jus'
430 2420 570 2459 Madvig,
589 2421 704 2451 Baiter.
736 2420 806 2451 The

30 2460 158 2498 reading
173 2460 208 2490 of
228 2461 282 2491 the
297 2471 444 2493 common
459 2463 592 2493 editions
608 2464 633 2494 is
651 2466 658 2480 ‘
672 2464 703 2493 in
720 2463 768 2493 his
782 2463 801 2500 ;'

30 2502 93 2532 and
111 2502 125 2532 1
142 2512 278 2542 suppose
301 2508 308 2521 ⁴
322 2505 374 2534 in’
399 2505 426 2535 is
451 2516 470 2536 a
494 2507 624 2536 modern
649 2506 801 2536 addition.

31 2545 220 2584 Something
253 2546 279 2575 is
312 2556 420 2586 wrong
454 2549 486 2578 in
521 2549 576 2579 the
607 2553 686 2579 text.
732 2549 801 2579 The

30 2588 232 2618 emendation
265 2589 354 2627 ‘jus’
386 2589 412 2620 is
435 2600 510 2629 very
536 2591 706 2631 probable:
738 2592 801 2622 and

29 2630 167 2671 perhaps
197 2631 222 2660 it
252 2641 323 2670 may
351 2631 390 2661 be
414 2633 597 2664 considered
627 2634 801 2664 certain.—

30 2677 38 2691 ‘
54 2673 174 2703 Licinia
189 2677 222 2702 et
238 2673 345 2703 Mucia
356 2673 376 2703 :'
402 2684 428 2704 c.
446 2676 551 2705 21.—‘
565 2681 598 2705 et
612 2677 767 2715 ejusmodi
780 2677 800 2707 :'

29 2715 87 2746 the
115 2714 188 2745 ‘et'
215 2725 277 2745 was
306 2716 408 2746 added
437 2716 479 2756 by
503 2717 652 2755 Ernesti;
681 2719 744 2749 and
774 2720 799 2750 it

2 2766 5 2767 ’
29 2767 132 2789 seems
147 2768 321 2798 necessary.

63 2801 215 2838 judicum
226 2801 391 2840 praemia]
432 2801 536 2831 These
551 2811 604 2831 are
619 2802 674 2833 the
691 2805 698 2819 ‘
709 2813 798 2843 prae-

30 2843 107 2873 mia*
125 2843 228 2873 which
244 2843 299 2874 the
321 2847 506 2883 prosecutor
528 2848 584 2883 got
605 2843 645 2883 by
663 2845 716 2875 the
731 2856 799 2876 ver-

30 2885 96 2916 dict
120 2886 156 2916 of
182 2886 238 2917 the
259 2886 392 2925 judices.
430 2886 499 2917 The
520 2886 652 2926 judices'
681 2887 800 2918 vei-dict

897 2251 1055 2280 Serviliae
1079 2249 1157 2289 leqi]
1203 2250 1281 2280 This
1308 2251 1333 2280 is
1356 2261 1375 2280 a
1398 2253 1568 2282 correction
1593 2253 1629 2282 of

852 2293 1006 2323 Valesius.
1053 2293 1089 2324 C.
1118 2293 1174 2323 has
1198 2297 1205 2310 ⁴
1221 2294 1351 2323 Servilia
1373 2294 1464 2332 lege‚'
1490 2295 1545 2324 but
1571 2296 1624 2325 the

850 2336 952 2365 dative
977 2336 1002 2366 is
1026 2336 1183 2376 required.
1230 2336 1386 2376 Compare
1402 2348 1428 2367 c.
1451 2339 1498 2373 17,
1518 2339 1623 2368 “huic

850 2379 956 2417 generi
972 2379 1112 2418 legum‚’'
1129 2379 1191 2409 and
1207 2379 1261 2408 the
1277 2384 1361 2409 note.

896 2422 1000 2452 Sacra
1021 2422 1161 2461 Cereris]
1210 2422 1366 2461 Compare
1381 2423 1465 2453 what
1490 2423 1530 2453 he.
1551 2433 1620 2463 says

848 2463 944 2494 about
961 2464 1054 2494 Ceres
1077 2465 1109 2494 in
1134 2465 1188 2494 the
1204 2465 1336 2494 Vei-rinc
1359 2467 1497 2496 orations
1525 2467 1570 2506 (ii.
1588 2472 1618 2501 4,

847 2517 873 2536 c.
891 2507 967 2547 5l):
992 2510 1106 2547 ‘'quae
1133 2517 1228 2543 sacra,
1255 2512 1290 2537 ut
1317 2513 1406 2538 erunt
1432 2519 1548 2545 revera,
1577 2510 1619 2539 sic

845 2550 995 2589 appellari
1013 2550 1131 2580 Graeca
1146 2551 1348 2580 voluerunt.''

888 2593 1138 2632 Neapolitanas]
1180 2593 1209 2623 A
1228 2593 1350 2623 Foedus
1370 2593 1615 2633 Neapolitanum

843 2635 870 2665 is
900 2635 1082 2665 mentioned
1111 2640 1144 2665 at
1169 2646 1208 2665 an
1237 2637 1321 2676 early
1346 2637 1463 2676 period.
1510 2637 1614 2676 (Livy,

843 2678 905 2707 viii.
923 2677 991 2717 2²6.)
1040 2678 1139 2713 Velia.
1167 2689 1185 2708 a
1207 2679 1363 2709 foederato
1387 2684 1469 2709 town
1496 2689 1536 2707 on
1562 2679 1615 2707 the

843 2725 931 2751 coast
951 2721 988 2750 of
1010 2721 1157 2755 Lucania,
1175 2732 1236 2751 was
1254 2722 1377 2757 Greek;
1402 2722 1462 2751 and
1489 2720 1612 2750 aea-ord-

842 2763 896 2802 ing
911 2767 945 2793 to
962 2763 1111 2793 tradition
1129 2764 1265 2794 founded
1283 2764 1322 2803 by
1339 2764 1525 2794 l’lmcacnns.
1543 2762 1612 2790 who

843 2815 924 2835 were
936 2806 1003 2836 also
1016 2806 1069 2836 the
1081 2807 1229 2836 founders
1239 2807 1274 2836 of
1287 2806 1434 2836 Massilia.
1465 2804 1610 2842 (Gellius,

843 2857 873 2876 x.
894 2849 942 2883 16,
959 2858 1000 2877 on
1022 2849 1076 2878 the
1096 2849 1255 2888 authority
1271 2849 1307 2878 of
1322 2847 1493 2886 Hyginus.)
1519 2846 1610 2874 Vale-

842 2890 918 2927 rius,
934 2890 967 2920 in
983 2891 1032 2921 his
1047 2890 1401 2931 chapterDeReligioue
1414 2889 1447 2928 (i.
1458 2888 1500 2926 1),
1517 2897 1586 2926 says
1604 2899 1610 2917 :

783 2931 855 2970 1.2
