1816 3211
738 215 872 258 OAP.
905 218 943 267 1,
969 218 1006 256 2.
1589 219 1672 262 537

77 328 230 370 cordia.
294 329 395 370 Mea
421 334 563 371 autem
595 329 809 371 festinatio
842 344 926 371 non
954 328 1155 371 victoriae
1185 329 1318 370 solum
1346 330 1468 371 avida
1496 335 1574 382 est,
1598 331 1671 372 sed

77 393 204 434 etiam
226 393 467 435 celeritatis.

136 458 228 510 Quo
251 459 360 499 enim
381 474 511 514 usque
538 464 705 501 tantum
737 459 903 509 bellum,
926 465 1014 501 tam
1044 460 1222 510 crudele,
1246 465 1334 502 tam
1366 460 1569 501 nefarium
1590 462 1671 516 pri-

74 523 184 564 vatis
207 523 387 565 consiliis
409 525 747 579 propulsabitur?
778 540 852 566 cur
867 540 950 566 non
973 540 1098 580 quam
1117 525 1297 580 primum
1318 526 1485 581 publica
1505 527 1672 568 accedit

74 588 332 630 auctoritas?
395 588 455 629 ΙΙ.
480 590 525 630 C.
550 589 706 630 Caesar
740 589 998 640 adolescens,
1036 604 1168 645 paene
1203 590 1345 645 pot-ius
1382 605 1496 645 puer,
1539 591 1670 633 incre-

76 654 191 694 dibili
211 668 261 694 ac
284 653 421 694 divina
450 654 631 708 quadam
658 658 798 694 mente
822 659 950 710 atque
972 654 1141 704 virtute,
1169 653 1299 710 [tum]
1333 670 1461 710 quum
1487 657 1670 698 maxime

74 718 191 759 furor
211 719 378 759 arderet
401 718 593 768 Antonii,
610 733 819 773 quumque
841 720 932 773 ejus
947 734 971 760 a
986 719 1211 760 Brundisio
1233 720 1410 761 crudelis
1432 726 1476 762 et
1496 722 1671 776 pestifer

74 782 235 823 reditus
257 782 487 831 timeretur,
507 797 584 823 nec
606 782 918 837 postulantibus
939 798 1015 824 nec
1037 783 1335 839 cogitantibus,
1352 800 1403 825 ne
1425 787 1671 840 optantibus

75 847 241 902 quidem
261 847 394 896 nobis,
419 846 514 902 quia
528 862 612 887 non
632 861 754 901 posse
775 847 865 888 fieri
887 848 1118 898 videbatur,
1138 848 1420 890 firmissimum
1441 851 1671 892 exercitum

75 926 128 952 ex
148 911 303 954 invicto
324 926 478 967 genere
499 916 788 953 veteranorum
810 912 988 954 militum
1010 913 1279 968 comparavit,
1294 914 1671 971 patrimoniumque

74 991 197 1018 suum
230 977 399 1018 effudit:
435 991 685 1032 quamquam
720 991 803 1017 non
838 992 931 1018 sum
961 993 1062 1019 usus
1083 993 1132 1018 eo
1153 979 1279 1019 verbo
1301 993 1383 1034 quo
1405 980 1553 1029 debui;
1588 996 1672 1022 non

75 1042 186 1083 enim
216 1042 391 1089 effudit3
430 1041 545 1097 [sed]
577 1042 619 1082 in
649 1041 709 1082 rei
733 1042 924 1097 publicae
952 1043 1087 1084 salute
1124 1043 1355 1085 collocavit.
1418 1044 1495 1086 Cui
1531 1061 1672 1101 quam-

75 1121 199 1162 quam
220 1107 357 1161 gratia
378 1107 522 1147 referri
543 1111 662 1148 tanta
683 1121 766 1148 non
781 1112 926 1162 potest
947 1112 1103 1163 quanta
1117 1108 1306 1159 debetur,
1326 1109 1518 1150 habenda
1531 1116 1672 1153 tamen

75 1178 140 1213 est
172 1177 295 1214 tanta
326 1177 525 1227 quantam
552 1173 777 1213 maximam
810 1173 936 1214 animi
969 1174 1104 1215 nostri
1133 1189 1281 1229 capere
1312 1181 1504 1230 possunt.
1569 1177 1672 1229 Quis

76 1237 185 1278 enim
207 1242 272 1278 est
301 1242 389 1278 tam
418 1237 588 1292 ignarus
609 1252 760 1288 rerum,
794 1243 883 1279 tam
914 1239 1016 1279 nihil
1048 1240 1098 1279 de
1121 1254 1166 1280 re
1186 1239 1353 1294 publica
1374 1241 1577 1294 cogitans,
1602 1243 1673 1298 qui

76 1302 156 1342 hoc
174 1316 255 1342 non
273 1301 494 1356 intelligat,
511 1302 545 1341 si
567 1302 629 1342 M.
648 1301 861 1343 Antonius
876 1317 901 1343 a
915 1303 1140 1344 Brundisio
1163 1319 1258 1344 curn
1281 1304 1331 1344 iis
1345 1306 1487 1359 copiis,
1505 1321 1609 1360 quas
1626 1321 1671 1348 se

76 1366 318 1407 habiturum
340 1367 529 1421 putabat,
554 1366 747 1415 Romam,
770 1372 818 1408 ut
839 1367 1089 1418 minabatur,
1114 1368 1252 1409 venire
1273 1370 1494 1424 potuisset.
1513 1371 1671 1412 nullum

76 1446 210 1486 genus
232 1447 327 1472 eum
348 1431 609 1472 crudelitatis
630 1432 957 1486 praeteriturum
979 1432 1134 1473 fuisse?
1165 1433 1317 1489 quippe
1339 1435 1408 1490 qui
1430 1435 1469 1475 in
1492 1436 1672 1491 hospitis

75 1497 202 1538 tectis
225 1496 438 1537 Brundisii
460 1496 713 1537 fortissimos
735 1496 843 1537 viros
869 1497 1132 1552 optimosque
1155 1500 1266 1539 cives
1282 1500 1466 1554 jugulari
1483 1501 1669 1555 jusserit,

75 1576 252 1616 quorum
273 1566 373 1602 ante
404 1562 531 1616 pedes
561 1562 651 1616 ejus
680 1562 948 1603 morientium
979 1564 1181 1618 sanguine
1203 1579 1249 1604 os
1271 1565 1414 1605 uxoris
1436 1580 1672 1620 respersum

76 1641 168 1667 esse
200 1627 436 1668 constabat.
499 1626 596 1667 Hac
626 1626 692 1666 ille
723 1627 972 1668 crudelitate
1008 1627 1205 1677 imbutus,
1230 1644 1357 1684 quum
1386 1631 1517 1672 multo
1551 1632 1672 1672 bonis

76 1691 270 1732 omnibus
316 1691 477 1732 veniret
520 1691 665 1732 iratior
707 1706 831 1747 quam
874 1692 954 1733 illis
993 1692 1131 1734 fuerat
1170 1708 1274 1748 quos
1314 1695 1561 1744 trucidarat,
1605 1697 1670 1738 cui

74 1757 246 1798 tandem
288 1762 479 1797 nostrum
519 1761 595 1797 aut
636 1756 703 1797 cui
734 1756 902 1797 omnino
934 1758 1045 1798 bono
1076 1759 1364 1812 pepercisset?
1427 1761 1519 1812 Qua
1550 1768 1670 1816 peste

73 1822 238 1877 privato
280 1822 452 1863 consilio
503 1836 589 1862 rem
641 1822 1043 1877 publicam—neque
1084 1823 1194 1864 enim
1234 1824 1324 1865 fieri
1365 1827 1505 1880 potuit
1549 1828 1671 1869 aliter

73 1887 290 1928 —Gaesar
324 1887 542 1934 liberavit3
590 1888 659 1942 qui
690 1888 770 1928 nisi
803 1888 845 1928 in
878 1888 957 1929 hac
987 1903 1032 1929 re
1064 1889 1230 1943 publiea
1265 1895 1390 1931 natus
1422 1896 1547 1941 esset,
1581 1907 1670 1933 rem

74 1952 283 2007 publicam
310 1953 466 1993 scelere
489 1952 667 1993 Antonii
698 1952 851 1992 nullam
878 1953 1142 1995 haberemus.
1207 1954 1276 1995 Sic
1308 1955 1417 1995 enim
1448 1957 1667 2012 perspicio,

75 2016 134 2057 sic
170 2016 328 2070 judico,
371 2016 450 2056 nisi
491 2031 599 2057 unus
643 2017 891 2058 adolescens
931 2017 1040 2058 illius
1081 2018 1257 2060 furentis
1299 2019 1481 2075 impetus
1523 2022 1669 2062 crude-

75 2080 337 2136 lissimosque
358 2086 535 2121 conatus
556 2081 823 2131 cohibuisset,
848 2097 936 2123 rem
957 2082 1168 2137 publicam
1196 2084 1383 2125 funditus
1404 2085 1669 2127 interituram

114 2220 255 2258 privatis
286 2218 443 2258 consiliis]
502 2218 554 2248 He
591 2218 710 2248 alludes
747 2221 780 2249 to
811 2219 848 2249 C.
895 2219 941 2259 (p.
960 2219 1047 2259 445).

76 2261 190 2292 Caesar
213 2262 417 2297 Octavianusr
438 2261 541 2290 whom
566 2260 606 2290 he
633 2262 789 2291 mentions
816 2262 848 2291 in

74 2305 130 2334 the
145 2309 221 2334 next
237 2305 367 2344 chapter
383 2305 430 2334 for
447 2304 501 2333 the
518 2305 585 2333 first
606 2304 683 2333 time
706 2304 738 2333 in
760 2304 849 2334 these

75 2347 236 2378 Orations.
283 2348 392 2377 Cicero
414 2347 488 2376 calls
515 2347 580 2375 him
608 2345 720 2385 ‘puer'
748 2347 778 2376 in
802 2347 849 2376 his

74 2390 194 2420 letters.
253 2390 304 2420 He
334 2400 396 2419 was
427 2390 581 2428 eighteen,
613 2399 683 2428 says
709 2389 849 2419 Velleius

78 2432 123 2473 (ii.
142 2432 220 2473 61):
250 2432 440 2472 “Torpebat
464 2442 612 2471 oppressa
635 2432 849 2461 dominatione

74 2476 208 2505 Antonii
239 2475 367 2505 civitas:
396 2475 569 2513 indignatio
599 2478 631 2504 et
661 2474 749 2503 dolor
778 2484 845 2504 om-

74 2517 179 2553 nibus,
210 2518 255 2546 vis
290 2518 329 2547 ad
367 2518 573 2547 resistendum
613 2517 691 2546 nulli
728 2517 845 2553 aderat,

75 2570 172 2600 quum
190 2559 226 2590 C.
239 2560 353 2590 Caesar
369 2569 432 2590 xlx
449 2570 566 2589 annum
584 2560 752 2598 ingressus,
770 2561 847 2590 inira

74 2612 169 2632 ausus
195 2612 231 2632 ac
258 2612 381 2632 summa
407 2606 601 2638 consecutus,
628 2602 748 2641 privato
772 2613 846 2632 0011-

76 2645 154 2680 silio,
181 2645 330 2683 majorem
358 2649 468 2674 senatu
493 2655 548 2684 pro
574 2655 606 2674 re
631 2644 756 2683 publica
780 2646 846 2675 ani-

75 2698 161 2717 mum
187 2688 314 2724 habuit3
339 2688 540 2727 primumque
562 2698 580 2716 a
596 2688 725 2722 Calatia,
743 2698 815 2718 mox
831 2699 849 2718 a

75 2731 213 2761 Casilino
231 2735 391 2760 veteranos
408 2730 520 2759 cxcix-it
537 2730 718 2769 paternos.'’

118 2776 148 2803 2.
167 2784 204 2803 ne
221 2772 421 2812 optantibus]
452 2773 599 2807 Faernus,
618 2772 774 2808 Murem&
787 2773 848 2803 and

74 2816 180 2846 others
203 2816 282 2846 have
305 2815 461 2854 preferred
485 2815 548 2845 this
569 2815 697 2854 reading
720 2819 752 2845 to
770 2819 846 2846 ‘nec

74 2857 293 2898 opinantibus’
320 2859 361 2887 D.
408 2858 435 2887 V
460 2858 515 2888 has
540 2861 617 2887 ‘nec
639 2858 844 2897 optantibus!

75 2901 170 2932 Halm
221 2902 277 2931 has
319 2905 378 2931 ‘no
421 2900 681 2941 optantibus.’——‘
695 2902 844 2941 patrimo-

72 2945 158 2974 nium
173 2943 194 2974 :’
232 2954 284 2975 see
329 2944 451 2975 Introd.
490 2946 523 2974 to
569 2944 658 2975 these
695 2945 844 2975 Orations

927 2261 1082 2301 jusserit]
1126 2262 1164 2292 V.
1184 2263 1301 2300 Halnu
1328 2264 1455 2303 ‘jussit'
1474 2265 1513 2294 D.
1560 2265 1666 2295 W'hen

894 2305 948 2334 tho
967 2306 1035 2333 four
1050 2305 1169 2343 legions
1193 2306 1272 2335 from
1292 2307 1478 2337 Macedonia
1500 2308 1560 2338 had
1577 2318 1667 2338 come

894 2350 928 2376 to
954 2347 1167 2384 Brundisium,
1200 2349 1272 2388 they
1300 2360 1380 2380 were
1411 2351 1571 2381 mutinous
1599 2352 1667 2392 (see

894 2390 948 2420 the
966 2389 1086 2419 Introd.
1104 2393 1137 2420 to
1154 2391 1216 2420 this
1233 2392 1392 2431 oration).

938 2433 1026 2462 bonis
1047 2434 1206 2473 omnibus]
1233 2435 1272 2465 V.
1319 2436 1349 2465 D
1370 2436 1424 2466 has
1448 2436 1665 2467 ‘hominibus'

891 2475 923 2504 in
945 2475 1032 2514 place
1047 2476 1083 2505 of
1096 2480 1103 2492 ⁴
1118 2477 1288 2513 omnibusss
1305 2488 1323 2507 a
1339 2488 1484 2509 common
1502 2480 1665 2509 variation.

893 2521 900 2534 ‘
913 2517 1014 2548 Nobis
1031 2519 1181 2549 omnibus
1194 2519 1201 2533 ’
1219 2521 1303 2551 Guil.
1322 2521 1439 2558 Christ,
1458 2522 1601 2552 followed
1624 2523 1666 2562 by

893 2560 999 2590 Halm.

935 2614 1000 2633 rem
1013 2605 1177 2643 publicam
1191 2628 1197 2635 .
1214 2628 1220 2635 .
1235 2629 1241 2636 .
1253 2607 1394 2646 nnllam]
1443 2608 1541 2637 What
1557 2618 1575 2637 a
1591 2618 1665 2637 01111-

893 2645 1018 2682 fession,
1050 2648 1119 2678 that
1149 2649 1223 2688 they
1248 2650 1338 2679 could
1365 2653 1420 2679 not
1448 2651 1519 2680 take
1542 2661 1610 2680 care
1633 2651 1668 2680 of

892 2689 1090 2726 thmnselves,
1111 2691 1173 2720 and
1201 2696 1285 2722 must
1311 2692 1350 2722 be
1374 2693 1464 2722 saved
1490 2694 1529 2732 by
1550 2704 1567 2722 a
1591 2693 1663 2732 buy.

893 2731 1002 2762 Cicero
1026 2743 1095 2772 says
1123 2734 1154 2763 in
1179 2744 1197 2763 a
1224 2735 1316 2764 letter
1339 2739 1372 2765 to
1396 2735 1663 2775 C01-nificius(.x‹l

894 2774 967 2804 Div.
984 2776 1036 2805 xii.
1054 2775 1126 2815 25):
1156 2777 1269 2807 “Puer
1292 2778 1374 2808 enim
1407 2780 1548 2817 egregius
1575 2788 1663 2816 prue-

890 2817 1002 2847 sidium
1027 2819 1085 2848 sibi
1108 2819 1244 2858 primum
1269 2825 1299 2850 et
1323 2820 1423 2856 nobis,
1441 2821 1552 2850 deimh=
1578 2830 1662 2849 snm-

889 2870 958 2889 mae
974 2861 1016 2891 1·οἰ
1034 2862 1177 2901 publicae
1187 2865 1389 2903 comparavit.
1403 2864 1455 2903 qui
1471 2864 1528 2892 nisi
1542 2863 1661 2897 fuisset,

888 2903 1018 2933 Antonii
1045 2905 1164 2936 reditus
1184 2916 1203 2935 a
1229 2906 1394 2937 Brundisio
1419 2906 1515 2945 pestis
1542 2906 1661 2944 pan-iao

888 2945 1032 2977 fuisset.’'
