1899 3227
200 189 252 230 70
648 188 826 229 ORAT.
861 188 980 229 PRO
1017 189 1078 229 M.
1112 187 1341 229 CAELIO

200 301 352 342 Habeo
383 300 506 350 enim,
535 301 714 356 judiceS,
744 316 866 356 quem
888 316 961 343 vos
986 300 1145 342 socium
1165 306 1331 343 vestrae
1363 300 1575 354 religionis
1604 301 1794 357 jurisque

195 365 364 419 jurandi
395 365 513 406 facile
535 380 625 406 esse
651 365 875 420 patiamini,
913 366 961 407 L.
988 366 1226 413 Lucceium,
1249 365 1556 406 sanctissimum
1586 366 1796 407 hominem

203 431 285 487 [et]
309 431 600 487 gravissimum
622 436 804 478 testem3
840 431 908 485 qui
930 436 1096 472 tantum
1120 431 1282 471 facinus
1303 431 1343 470 in
1371 431 1525 470 faniam
1553 436 1681 485 atque
1712 432 1795 472 for-

200 502 326 538 tunas
356 510 454 536 suas
479 511 612 550 neque
641 511 723 535 non
754 496 941 536 audisset
969 495 1131 535 illatum
1152 510 1177 535 a
1199 495 1338 536 Caelio
1372 509 1506 549 neque
1541 495 1796 550 neglexisset

201 575 332 615 neque
355 560 532 601 tulisset.
594 560 664 599 An
688 560 753 600 ille
775 560 848 610 vir,
872 559 941 599 illa
971 559 1232 600 humanitate
1265 559 1493 613 praeditus,
1517 559 1597 600 illis
1629 560 1793 608 studiis,

199 625 362 666 artibus
382 630 509 679 atque
532 625 734 674 doctrina,
768 625 876 665 illius
908 625 1038 679 ipsius
1067 624 1311 679 periculum,
1336 639 1458 679 quem
1490 629 1662 679 propter
1691 625 1795 666 haec

200 691 290 745 ipsa
306 689 444 730 studia
461 689 672 744 diligebat,
691 689 903 745 negligere
923 689 1131 744 potuisset
1148 691 1161 730 Ξ
1189 694 1232 730 et
1250 689 1360 744 quod
1380 689 1542 730 facinus
1558 690 1599 729 in
1614 690 1796 731 alienum

200 754 408 795 hominem
433 754 643 795 intentum
671 768 812 795 severe
839 755 1061 809 acciperet,
1089 754 1131 794 id
1165 754 1375 795 omisisset
1408 768 1554 794 curare
1583 754 1624 794 in
1656 755 1795 809 hospi-

201 824 286 860 tem
304 820 316 860 ἓ
347 819 457 874 quod
478 834 551 874 per
572 819 739 874 ignotos
755 824 895 860 actum
917 820 951 860 si
974 819 1247 875 comperisset
1269 819 1440 874 doleret,
1457 818 1498 858 id
1520 833 1544 859 a
1565 818 1650 859 suis
1666 820 1797 860 servis

200 888 412 925 tentatum
448 899 539 925 esse
572 884 831 939 negligeret?
872 885 983 940 quod
1018 885 1061 925 in
1094 884 1206 939 agris
1243 884 1395 925 locisve
1431 884 1607 939 publicis
1638 884 1796 925 factum

200 950 534 1005 reprehenderet,
559 950 600 990 id
633 950 674 990 in
697 951 797 990 urbe
818 965 866 991 ac
888 965 988 991 suae
1011 950 1122 992 domi
1145 955 1339 1005 coeptum
1361 964 1452 990 esse
1472 949 1621 990 leniter
1641 950 1796 991 ferret?

201 1016 311 1070 quod
344 1015 386 1055 in
421 1015 598 1069 alicujus
633 1015 813 1069 agrestis
846 1015 1028 1070 periculo
1064 1030 1147 1055 non
1182 1014 1554 1069 praetermitteret,
1589 1014 1631 1054 id
1670 1014 1795 1054 homo

201 1080 390 1120 eruditus
429 1079 472 1120 in
513 1079 673 1120 insidiis
714 1080 945 1121 doctissimi
989 1080 1168 1121 hominis
1209 1079 1552 1120 dissimulandum
1596 1080 1795 1134 putaret?

203 1144 285 1185 Sed
307 1159 381 1185 cur
401 1144 557 1185 diutius
578 1159 665 1194 vos,
682 1145 859 1198 judices,
883 1146 1036 1186 teneo?
1067 1145 1196 1199 ipsius
1222 1144 1355 1198 jurati
1386 1144 1630 1199 religionem
1650 1149 1795 1185 aucto-

200 1209 452 1264 ritatemque
473 1209 674 1264 percipite
696 1214 823 1264 atque
846 1210 984 1250 onmia
1005 1210 1227 1265 diligenter
1247 1209 1477 1250 testimonii
1499 1210 1623 1250 verba
1644 1223 1796 1263 cogno-

200 1274 319 1315 scite.
382 1273 532 1314 Recita
554 1274 840 1315 testimonium
864 1275 912 1315 L.
938 1274 1121 1315 Lucceii.
1185 1273 1294 1325 Quid
1316 1273 1576 1328 exspectatis
1592 1273 1795 1328 amplius?

199 1352 252 1379 an
273 1339 454 1393 aliquam
475 1354 617 1380 vocem
638 1338 800 1394 putatis
820 1339 954 1393 ipsam
982 1354 1056 1393 pro
1078 1353 1122 1379 se
1146 1353 1337 1379 caussam
1358 1344 1402 1379 et
1422 1339 1644 1380 veritat-em
1674 1352 1795 1393 posse

198 1403 394 1444 mittere?
455 1403 576 1444 Haec
597 1409 663 1445 est
683 1404 946 1445 innocentiae
964 1404 1160 1454 defensio,
1180 1404 1282 1445 haec
1304 1403 1434 1459 ipsius
1455 1418 1627 1444 caussae
1645 1403 1793 1452 oratio,

198 1468 301 1508 haec
333 1483 414 1509 una
436 1483 515 1509 vox
546 1468 751 1510 veritatis.
815 1469 865 1509 In
896 1468 1068 1510 crimine
1100 1469 1190 1524 ipso
1222 1468 1334 1509 nulla
1358 1468 1540 1524 suspicio
1566 1473 1642 1519 est,
1676 1468 1719 1508 in
1750 1482 1796 1508 re

198 1532 299 1573 nihil
334 1538 400 1575 est
430 1534 690 1589 argumenti:
725 1534 768 1574 in
799 1534 971 1589 negotio
1005 1534 1117 1589 quod
1149 1539 1293 1575 actum
1329 1549 1421 1575 esse
1455 1534 1606 1575 dicitur
1638 1533 1796 1574 nullum

197 1597 419 1653 vestigium
459 1598 674 1649 sermonis,
712 1598 805 1647 loci,
841 1599 1069 1654 temporis:
1113 1613 1234 1639 nemo
1267 1598 1403 1648 testis,
1440 1613 1562 1640 nemo
1600 1598 1795 1639 conscius

197 1663 459 1704 nominatur:
501 1669 639 1705 totum
683 1664 838 1705 crimen
881 1665 1093 1719 profertur
1139 1679 1191 1705 ex
1230 1664 1408 1714 inimica,
1452 1679 1504 1705 ex
1544 1664 1699 1713 infami,
1742 1678 1795 1704 ex

197 1728 365 1776 crudeli,
400 1743 452 1769 ex
485 1728 730 1780 facinorosa,
775 1744 826 1769 ex
857 1728 1077 1770 libidinosa
1128 1729 1280 1777 domo3
1327 1729 1474 1769 domus
1520 1734 1661 1770 autem
1711 1728 1793 1777 illa,

196 1807 302 1846 quae
324 1797 490 1834 tentata
511 1791 642 1848 [esse]
662 1793 817 1834 scelere
838 1793 920 1834 isto
936 1793 1094 1834 nefario
1116 1793 1282 1843 dicitur,
1301 1793 1424 1848 plena
1441 1798 1505 1834 est
1521 1793 1791 1849 integritatiS,

197 1855 427 1911 dignitatis,
461 1857 594 1908 officii,
628 1857 864 1911 religionis:
898 1873 950 1899 ex
984 1873 1064 1914 qua
1097 1859 1220 1899 domo
1256 1858 1460 1900 recitatur
1492 1858 1609 1899 vobis
1636 1859 1794 1913 jureju-

197 1978 234 1998 or
258 1971 368 2008 quotes
393 1968 428 1998 it.
474 1968 577 1998 There
601 1979 653 1999 are
683 1970 775 2000 other
803 1971 913 2001 letters
940 1971 976 2001 of

198 2011 308 2041 Cicero
324 2015 357 2041 to
382 2011 535 2042 Lucceius
564 2011 650 2052 (Lib.
671 2013 740 2053 v.);
762 2014 826 2043 and
844 2024 863 2043 a
881 2014 974 2045 letter

197 2054 277 2084 from
296 2054 449 2084 Lucceius
464 2058 497 2084 to
515 2054 623 2085 Cicero
642 2055 684 2095 (v.
705 2056 770 2096 14).

241 2107 332 2136 quem
353 2098 506 2137 propter]
559 2098 642 2128 Dion
666 2099 714 2129 his
737 2099 837 2128 friend
854 2109 916 2129 was
931 2109 972 2129 an

197 2138 366 2170 Academic
398 2140 478 2179 (Cic.
504 2140 601 2170 Acad.
628 2141 661 2171 ii.
688 2144 729 2178 43
755 2142 879 2179 Strabo,
896 2143 969 2173 xvii.

197 2191 228 2220 p.
246 2182 390 2222 796).—⁴
402 2184 560 2212 intentum
575 2183 593 2212 ι’
607 2184 645 2214 T.
657 2187 664 2200 ⁴
676 2185 825 2214 inlatum’
841 2185 874 2215 P.
888 2185 970 2215 G.—

199 2227 206 2240 ‘
218 2225 250 2254 in
265 2225 421 2264 hospitem
438 2225 457 2255 z'
474 2225 524 2261 T.,
537 2236 570 2255 as
586 2226 738 2257 Garatoni
761 2227 823 2257 had
846 2228 968 2267 conjec-

197 2268 300 2297 tured.
344 2268 412 2297 The
428 2268 519 2297 other
535 2268 630 2298 MSS.
658 2270 736 2299 have
753 2273 760 2286 ‘
774 2271 807 2299 in
822 2270 969 2310 hospite,'

198 2310 299 2339 which
314 2310 340 2339 is
363 2310 418 2339 the
440 2320 585 2340 common
606 2312 734 2351 reading
755 2313 788 2342 in
806 2313 860 2342 the
875 2317 968 2343 texts.

199 2351 295 2381 Halm
347 2352 403 2382 has
451 2353 502 2382 ‘in
547 2353 705 2393 hospitem
720 2355 727 2368 '
746 2373 786 2377 -—
804 2359 811 2372 ‘
824 2356 937 2385 leniter
949 2356 968 2385 :'

197 2394 234 2424 T.
255 2395 288 2424 P.
307 2394 344 2424 E.
364 2395 402 2424 G.
418 2394 448 2424 S.
508 2399 515 2412 ⁴
528 2396 656 2425 leviter'
680 2398 838 2437 generally
860 2399 893 2428 in
916 2399 972 2428 the

197 2437 324 2476 printed
348 2441 441 2467 texts.
487 2437 590 2468 These
615 2444 677 2468 two
692 2440 794 2469 words
816 2450 869 2470 are
884 2441 972 2470 often

198 2480 395 2509 confounded
409 2491 416 2516 3
433 2480 494 2509 and
506 2480 531 2509 it
543 2481 568 2510 is
585 2481 669 2511 often
682 2482 813 2512 difficult
821 2486 854 2512 to
865 2483 972 2513 decide

197 2522 297 2551 which
314 2523 340 2552 is
355 2523 410 2552 the
425 2527 494 2552 true
512 2524 604 2553 word.
675 2560 678 2561 ⁷

239 2565 354 2595 Recita
393 2566 622 2605 testimonium]
659 2566 728 2596 The
757 2566 903 2597 evidence
940 2567 976 2597 of

198 2607 351 2637 Lucceius
374 2617 436 2637 was
462 2618 480 2637 a
504 2607 611 2647 deposi
627 2609 679 2638 ion
706 2609 802 2639 taken
825 2609 916 2639 down
938 2610 971 2639 in

197 2651 321 2688 writing
336 2650 397 2679 and
413 2650 505 2688 given
521 2661 562 2680 on
578 2651 652 2680 oath
669 2651 781 2691 (ipsius
794 2652 916 2692 jurati).
941 2653 972 2682 It

197 2693 223 2722 is
238 2698 295 2722 not
311 2693 376 2722 said
393 2693 460 2731 why
479 2693 519 2722 he
534 2704 596 2723 was
612 2698 667 2723 not
683 2699 819 2733 present.
867 2695 931 2725 But
946 2696 971 2725 it

197 2745 298 2765 seems
313 2736 382 2765 that
402 2735 442 2765 he
458 2745 519 2765 was
535 2737 567 2765 in
582 2736 740 2766 Sardinia:
766 2739 784 2753 ‘⁴
798 2737 968 2767 Lucceium

196 2779 361 2808 convenire
389 2788 453 2807 non
490 2782 665 2817 potueram,
696 2779 781 2818 quod
817 2780 969 2810 abfuerat.

195 2821 311 2851 Videre
326 2824 431 2851 autem
446 2821 601 2857 volebam,
619 2822 702 2861 quod
718 2832 802 2851 eram
818 2823 968 2861 postridie

197 2863 300 2893 Roma
315 2864 453 2893 exiturus
464 2867 495 2894 et
507 2864 591 2903 quod
607 2865 659 2894 ine
674 2865 706 2894 in
719 2865 893 2895 Sardiniam
909 2866 969 2895 iter

195 2906 465 2937 habebat.—Erat
501 2910 606 2938 autem
641 2907 752 2945 iturus,
790 2911 826 2938 ut
854 2908 967 2945 aiebat,

1017 1982 1044 2001 a.
1063 1972 1092 2001 d.
1116 1981 1158 2002 111
1177 1971 1226 2002 Id.
1243 1971 1321 2011 Apr.
1337 1975 1374 2001 ut
1397 1975 1451 2002 aut
1468 1972 1614 2002 Labrone
1637 1975 1692 2002 aut
1715 1972 1794 2002 Pisis

1018 2015 1243 2045 conscenderet
1257 2015 1277 2029 '’
1303 2015 1369 2056 (Ad
1381 2015 1420 2048 Q.
1434 2015 1483 2045 Fr.
1496 2016 1527 2045 ii.
1542 2015 1588 2056 6).
1613 2015 1689 2045 This
1701 2016 1795 2045 letter

1018 2067 1080 2087 was
1105 2058 1231 2087 written
1263 2067 1328 2088 B.c.
1353 2059 1394 2088 56
1423 2058 1548 2098 (consul
1574 2062 1623 2088 est
1649 2058 1793 2097 czregius

1016 2100 1200 2141 Lentulus),
1236 2101 1291 2130 the
1322 2111 1407 2131 same
1436 2112 1510 2141 year
1538 2102 1571 2131 in
1598 2101 1700 2131 which
1730 2101 1794 2131 this

1017 2144 1129 2183 speech
1146 2154 1208 2173 was
1223 2144 1390 2174 delivered.

1060 2187 1227 2216 Drumann
1245 2187 1448 2227 (Geschichte
1472 2187 1571 2216 Rotns
1593 2186 1624 2216 ii.
1642 2185 1719 2225 377)
1736 2186 1794 2215 has

1015 2239 1034 2258 a
1048 2233 1124 2259 note
1139 2239 1180 2258 on
1196 2230 1250 2259 the
1265 2240 1338 2268 year
1354 2230 1386 2259 in
1403 2230 1503 2259 which
1519 2230 1582 2259 this
1599 2230 1714 2269 speech
1731 2239 1793 2258 was

1015 2272 1192 2302 delivered:
1219 2272 1375 2302 “Caelius
1398 2282 1460 2301 was
1486 2272 1551 2301 also
1568 2272 1648 2301 tried
1670 2272 1704 2301 in
1727 2281 1790 2301 Rc.

1015 2316 1056 2344 54
1072 2314 1179 2344 before
1195 2325 1213 2344 a
1225 2318 1351 2353 praetor
1363 2314 1454 2353 (Cn.)
1470 2314 1629 2343 Domitius
1647 2314 1791 2351 (Aheno-

1016 2356 1146 2397 barbus)
1166 2357 1231 2396 (Ad
1248 2357 1287 2389 Q.
1306 2357 1356 2386 Fr.
1372 2357 1404 2386 ii.
1425 2357 1477 2395 13)
1494 2357 1556 2386 and
1579 2356 1656 2386 both
1674 2356 1793 2386 Manu-

1017 2399 1079 2428 tius
1094 2400 1127 2428 in
1144 2400 1192 2429 his
1208 2403 1282 2429 note
1298 2409 1338 2428 on
1354 2399 1417 2428 this
1433 2409 1562 2438 passage
1578 2399 1640 2428 and
1662 2399 1792 2438 Pighius

1016 2441 1175 2471 confound
1199 2442 1288 2471 these
1314 2444 1376 2471 two
1402 2442 1500 2471 trials.
1547 2442 1637 2481 They
1667 2452 1792 2472 assume

1016 2484 1086 2513 that
1102 2484 1210 2514 Cicero
1225 2484 1381 2513 delivered
1397 2484 1461 2514 this
1474 2485 1587 2523 speech
1603 2485 1651 2514 for
1666 2485 1792 2515 Caelius

1016 2527 1049 2555 in
1066 2535 1131 2556 B.c.
1146 2527 1198 2556 54.
1230 2526 1296 2556 But
1311 2527 1366 2556 the
1381 2527 1529 2557 evidence
1542 2528 1567 2557 is
1584 2528 1654 2557 that
1663 2528 1703 2557 he
1714 2527 1790 2557 deli-

1015 2569 1109 2598 vered
1135 2569 1160 2598 it
1183 2569 1216 2598 in
1242 2578 1304 2599 B.c.
1332 2571 1383 2604 56,
1408 2570 1499 2599 while
1515 2570 1562 2600 M.
1581 2570 1712 2600 Crassus
1728 2580 1791 2599 was

1016 2611 1080 2640 still
1095 2611 1128 2640 in
1145 2611 1256 2648 Rome,
1272 2622 1290 2641 a
1306 2612 1363 2641 few
1379 2613 1454 2651 days
1470 2613 1550 2642 after
1570 2613 1625 2642 the
1639 2613 1793 2652 acquittal

1016 2653 1052 2683 of
1062 2653 1133 2683 Sex.
1147 2653 1275 2684 Clodius
1287 2655 1362 2695 (Pro
1376 2655 1492 2692 Caelio,
1507 2666 1532 2685 c.
1546 2657 1587 2685 32
1599 2668 1606 2692 3
1624 2655 1674 2685 Ad
1683 2655 1722 2688 Q.
1738 2655 1790 2684 Fr.

1014 2696 1045 2725 ii.
1073 2695 1120 2735 6),
1149 2698 1374 2737 consequently
1401 2699 1434 2727 in
1464 2699 1519 2728 the
1549 2698 1730 2737 consulship
1757 2698 1794 2727 of

1015 2739 1168 2769 Lentulus
1185 2740 1387 2770 Marcellinus
1402 2741 1464 2770 and
1482 2740 1680 2780 Philippus.'’
1712 2740 1789 2770 This

1014 2781 1108 2820 being
1138 2792 1183 2818 50,
1214 2783 1269 2813 the
1292 2783 1426 2813 absence
1449 2784 1485 2813 of
1509 2784 1662 2813 Lucceius
1684 2783 1711 2812 is
1734 2793 1785 2812 ex-

1013 2824 1147 2863 plained,
1172 2826 1234 2855 and
1257 2836 1303 2855 we
1325 2826 1404 2856 have
1419 2827 1451 2855 in
1469 2826 1516 2855 his
1533 2835 1649 2865 voyage
1664 2828 1697 2854 to
1715 2825 1787 2854 Sar-

1012 2866 1097 2896 dinia
1122 2877 1161 2897 an
1185 2868 1356 2898 additional
1376 2869 1471 2908 proof
1490 2869 1560 2899 that
1582 2868 1646 2898 this
1673 2868 1786 2907 speech

1012 2919 1074 2940 was
1090 2910 1246 2941 delivered
1261 2911 1294 2941 in
1310 2921 1375 2942 B.c.
1394 2912 1444 2941 56.
