1816 3211
117 167 198 208 608
271 165 451 207 ORAT.
483 165 1002 207 PHILIPPICARUM
1037 163 1224 205 LIBER
1256 164 1559 207 OCTAVUS.

112 280 263 322 armati
301 280 538 321 Gracchum
570 279 612 319 in
648 279 908 320 Aventinum
948 278 1159 334 persecuti
1192 280 1319 319 sunt?
1361 292 1443 333 quo
1475 279 1518 319 in
1552 278 1708 334 praelio

116 345 319 387 Lentulus
339 360 463 400 grave
484 345 631 386 vulnus
651 344 825 398 accepit,
849 344 1097 384 interfectus
1118 351 1185 384 est
1207 342 1437 393 Gracchus,
1461 348 1504 385 et
1527 344 1589 384 M.
1609 343 1707 383 Ful-

113 411 204 452 vius
230 410 459 451 consularis
489 410 663 463 ejusque
692 409 773 448 duo
795 408 1097 449 adolescentuli
1117 407 1204 449 filii.
1269 407 1334 447 Illi
1355 407 1485 462 igitur
1506 408 1581 448 viri
1602 408 1709 449 vitu-

112 476 296 530 perandi,
320 489 403 514 non
424 474 533 514 enim
555 474 664 514 cives
694 488 839 514 omnes
870 474 1008 514 salvos
1029 488 1121 514 esse
1144 472 1380 514 voluerunt.
1443 472 1499 513 V.
1524 473 1593 513 Ad
1614 487 1708 528 pro-

111 541 228 594 piora
266 538 492 580 veniamus.
555 537 604 580 C.
639 537 777 578 Mario
822 537 870 577 L.
908 537 1079 578 Valerio
1122 537 1362 578 consulibus
1409 541 1582 578 senatus
1622 552 1710 577 rem

111 604 319 659 publicam
359 602 659 644 defendendam
696 601 840 642 dedit:
888 602 936 644 L.
962 602 1215 643 Saturninus
1247 602 1442 642 tribunus
1481 601 1622 656 plebis,
1661 601 1708 642 C.

112 668 289 709 Glaucia
324 673 494 723 praetor
526 672 591 708 est
623 667 883 708 interfectus,
947 667 1103 708 Omnes
1139 666 1207 707 illo
1239 666 1304 708 die
1338 667 1493 716 Scauri,
1531 666 1707 716 Metelli,

112 733 289 782 Claudii,
324 732 476 782 Catuli,
522 732 756 782 Scaevolae,
804 731 943 773 Crassi
984 746 1100 772 arma
1141 736 1424 786 sumpserunt.
1486 731 1600 772 Num
1635 736 1710 772 aut

111 799 301 840 consules
322 798 412 839 illos
433 803 506 838 aut
527 797 783 855 'clarissimos
806 797 915 837 viros
937 796 1233 852 vituperandos
1264 797 1414 851 putas?
1475 795 1572 851 Ego
1595 795 1709 837 Cati-

109 863 237 903 linam
269 863 402 918 perire
432 862 554 904 volui.
619 862 731 902 Num
753 867 812 911 tu,
839 861 908 916 qui
943 876 1086 902 omnes
1118 861 1255 902 salvos
1276 861 1349 913 vis,
1377 860 1600 903 Catilinam
1628 861 1709 902 sal-

109 943 206 969 vum
239 942 330 969 esse
357 927 549 968 voluisti?
611 927 708 967 Hoc
742 927 930 974 interest,
955 926 1119 976 Calene,
1144 926 1256 967 inter
1289 941 1426 966 meam
1455 926 1709 967 sententiam

110 998 154 1034 et
174 998 316 1034 tuam:
351 1007 429 1047 ego
450 992 546 1033 nolo
569 1006 817 1046 quemquam
841 992 971 1032 civem
993 991 1256 1033 committere
1277 996 1326 1032 ut
1347 996 1481 1032 morte
1502 991 1707 1032 mulctan-

109 1058 187 1098 dus
208 1058 291 1104 sit;
325 1062 384 1104 tu,
408 1057 571 1097 etiamsi
607 1056 874 1106 commiserit,
910 1056 1238 1096 conservandum
1260 1060 1398 1110 putas.
1463 1056 1512 1096 In
1535 1070 1708 1110 corpore

108 1122 143 1162 si
165 1122 261 1177 quid
283 1121 486 1175 ejusmodi
523 1126 588 1162 est
621 1121 731 1175 quod
767 1121 923 1175 reliquo
961 1120 1123 1174 corpori
1155 1125 1321 1168 noceat,
1342 1120 1383 1160 id
1405 1119 1469 1160 uri
1492 1121 1706 1175 secarique

108 1187 303 1241 patimur,
319 1190 365 1226 ut
379 1186 658 1225 membrorum
679 1185 845 1240 aliquod
862 1185 1004 1239 potius
1018 1199 1143 1239 quam
1164 1189 1301 1225 totum
1323 1199 1475 1239 corpus
1498 1185 1702 1226 intereat:

107 1251 167 1292 sic
189 1251 231 1290 in
251 1251 310 1290 rei
332 1250 519 1305 publicae
554 1265 738 1305 corpore,
763 1255 811 1291 ut
832 1255 971 1291 totum
1004 1249 1162 1290 salvum
1184 1249 1238 1290 sit
1261 1249 1462 1304 quidquid
1483 1255 1549 1290 est
1577 1249 1705 1304 pesti-

107 1316 240 1357 ferum
272 1320 528 1370 amputetur.
591 1315 711 1355 Dura
741 1330 835 1355 vox.
900 1315 1040 1356 Multo
1071 1315 1139 1355 illa
1171 1314 1339 1355 durior:
1373 1314 1484 1355 Salvi
1519 1315 1604 1356 sint
1631 1315 1705 1355 im-

106 1381 237 1436 probi,
262 1381 464 1430 scelerati,
489 1379 627 1434 impii:
663 1380 881 1420 deleantur
909 1379 1162 1429 innocentes,
1187 1378 1364 1427 honesti,
1390 1378 1498 1429 boni,
1522 1384 1615 1420 tota
1637 1394 1704 1421 res

107 1446 445 1501 publica—Uno
468 1445 508 1485 in
530 1445 706 1493 homine,
734 1445 783 1497 Q.
810 1445 918 1494 Fufi,
954 1445 1090 1485 fateor
1111 1449 1155 1485 te
1177 1444 1328 1485 vidisse
1361 1444 1453 1499 plus
1478 1459 1602 1499 quam
1624 1460 1703 1486 me.

108 1511 201 1566 Ego
226 1511 275 1551 P.
301 1510 492 1551 Clodium
522 1510 757 1551 arbitrabar
789 1510 1067 1564 perniciosum
1100 1509 1242 1559 civem,
1277 1509 1539 1559 sceleratum,
1569 1509 1704 1550 libidi-

107 1591 267 1625 nosum,
291 1576 475 1631 impium,
499 1575 711 1625 audacem,
734 1575 1040 1622 faciuorosum;
1076 1579 1123 1616 tu
1146 1579 1294 1615 contra
1315 1580 1519 1624 sanctum,
1544 1580 1703 1630 tempe-

107 1647 282 1690 rantem,
319 1641 594 1690 innocentem,
630 1641 879 1689 modestum,
917 1640 1183 1681 retinendum
1218 1639 1349 1680 civem
1385 1643 1429 1679 et
1457 1640 1701 1694 optandum.

111 1706 160 1746 In
182 1707 260 1747 hoc
281 1721 364 1746 uno
385 1711 428 1747 te
449 1706 673 1760 plurimum
693 1705 858 1754 vidisse,
881 1720 947 1745 me
964 1706 1143 1745 multum
1164 1718 1326 1744 errasse
1349 1704 1546 1744 concedo.
1592 1704 1702 1745 Nam

108 1775 218 1829 quod
239 1789 306 1814 me
328 1779 469 1814 tecum
497 1773 694 1813 iracunde
726 1786 851 1825 agere
884 1772 1028 1812 dixisti
1059 1771 1206 1820 solere,
1229 1786 1313 1811 non
1335 1776 1401 1812 est
1422 1771 1495 1812 ita.
1561 1770 1700 1812 Vehe—

108 1845 273 1879 menter
293 1853 357 1878 me
378 1851 503 1892 agere
522 1838 669 1886 fateor,
694 1836 892 1876 iracunde
912 1850 1035 1891 nego.
1098 1835 1277 1876 Omnino
1300 1835 1424 1876 irasci
1451 1835 1596 1876 amicis
1617 1851 1701 1876 non

108 1909 266 1945 temere
300 1903 424 1952 soleo,
457 1917 508 1943 ne
530 1902 563 1942 si
584 1906 798 1942 merentur
820 1901 999 1955 quidem.
1063 1900 1212 1955 Itaque
1239 1901 1326 1941 sine
1347 1901 1568 1941 verborum
1604 1916 1701 1942 con-

109 1968 280 2010 tumelia
301 1983 326 2008 a
347 1974 390 2009 te
412 1967 632 2008 dissentire
664 1981 846 2021 possum,
870 1966 959 2006 sine
987 1966 1113 2006 animi
1144 1980 1306 2006 summo
1333 1966 1472 2006 dolore
1503 1980 1586 2006 non
1606 1980 1703 2020 pos-

110 2049 216 2074 sum.
278 2033 419 2074 Parva
441 2038 505 2073 est
527 2032 635 2073 enim
656 2031 757 2071 mihi
778 2036 919 2071 tecum
941 2035 1015 2071 aut
1035 2045 1163 2085 parva
1185 2031 1235 2071 de
1257 2045 1301 2071 re
1323 2030 1554 2071 dissensio?
1605 2031 1700 2085 Ego

109 2099 206 2139 huic
239 2098 369 2146 faveo,
403 2102 451 2138 tu
482 2097 565 2137 illi?
628 2096 761 2136 Immo
792 2110 888 2137 vero
925 2110 1003 2151 ego
1027 2095 1082 2135 D.
1106 2095 1240 2136 Bruto
1275 2095 1406 2141 faveo.
1444 2100 1491 2136 tu
1522 2095 1585 2137 M.
1612 2096 1700 2136 An-

110 2163 250 2205 tonio:
285 2177 364 2218 ego
387 2161 625 2203 conservari
653 2160 857 2202 coloniam
879 2159 1019 2215 populi
1042 2160 1221 2201 Romani
1243 2160 1377 2215 cupio,
1401 2164 1449 2201 tu
1471 2161 1702 2215 expugnari

110 2229 278 2275 studes„
331 2227 412 2269 VI.
446 2228 517 2267 An
547 2227 627 2268 hoc
662 2241 815 2281 negare
847 2232 968 2280 potes
1002 2226 1070 2281 qui
1105 2240 1249 2266 omnes
1289 2240 1427 2266 moras
1457 2226 1701 2281 interponas

110 2294 258 2348 quibus
285 2292 516 2333 infirmetur
548 2292 718 2341 Brutus,
756 2291 902 2332 melior
929 2291 1004 2332 fiat
1033 2290 1273 2331 Antonius?
1334 2291 1561 2345 Quousque
1589 2291 1700 2332 enim

111 2358 225 2398 dices
246 2372 391 2411 pacem
412 2357 515 2398 velle
536 2358 605 2398 te?
648 2356 733 2397 Res
752 2357 926 2412 geritur,
952 2356 1184 2397 conductae
1205 2355 1337 2396 lineae
1359 2360 1469 2406 sunt,
1489 2361 1700 2410 pugnatur

154 2472 184 2500 5.
213 2471 245 2500 0.
262 2471 388 2510 Mario]
436 2471 512 2501 This
540 2474 624 2510 story
639 2471 665 2501 is
684 2471 751 2501 told
771 2471 804 2501 in
824 2471 879 2501 the

111 2513 333 2585 {igfosihwtion
348 2517 381 2542 to
398 2514 451 2543 the
468 2515 589 2544 oration
607 2515 666 2544 Pro
683 2515 719 2545 C.
739 2514 878 2550 Rabirio,

924 2481 1116 2511 quamquam
1142 2471 1250 2501 nullus
1275 2471 1343 2501 cod.
1359 2470 1403 2500 sic
1418 2470 1516 2500 habet
1531 2472 1563 2500 et
1577 2469 1699 2509 glossae

924 2515 1012 2553 origo
1028 2524 1065 2543 ex
1081 2514 1216 2543 lectione
1227 2514 1260 2543 in
1277 2513 1297 2543 b
1314 2524 1333 2552 g
1347 2516 1361 2543 t
1376 2514 1451 2543 satis
1477 2511 1698 2552 intelligitur.’'

925 2557 964 2586 In
981 2566 1068 2586 some
1086 2559 1193 2586 recent
1217 2556 1352 2586 editions
1368 2566 1413 2585 we
1436 2555 1502 2585 find
1520 2556 1608 2594 ‘Ego
1623 2555 1698 2584 huic

159 2599 226 2628 Uno
244 2599 277 2627 in
293 2599 417 2627 homine
435 2621 441 2628 .
461 2621 467 2627 .
486 2622 493 2628 .
510 2600 625 2629 vidisse
643 2599 735 2639 plus]
786 2599 838 2629 He
853 2600 879 2629 is

112 2641 264 2680 speaking
289 2640 460 2679 ironically.
507 2641 643 2671 Calenus
667 2652 728 2671 was
760 2652 819 2671 one
850 2642 886 2671 of

111 2684 166 2713 the
177 2683 331 2722 partizans
344 2683 380 2711 of
390 2683 423 2712 P.
436 2683 629 2713 Clodius.—‘
642 2684 851 2714 facinorosum
861 2684 880 2714 ε’

113 2730 120 2743 ¹
135 2726 340 2756 facinerosum
354 2725 361 2737 ’
386 2725 425 2760 V,
453 2726 558 2761 Halm,
576 2727 645 2755 who
670 2737 739 2766 says
768 2728 881 2765 “saci-

111 2779 257 2798 nerosum
275 2767 365 2797 codd.
382 2768 502 2806 antiqui
519 2772 699 2798 constanter
714 2769 867 2799 habent.’'

154 2813 225 2849 Ello
242 2812 317 2840 huic
327 2810 437 2848 faves),
455 2812 489 2839 tu
506 2811 555 2838 illi
569 2811 600 2848 ³⁷]
636 2815 642 2827 ‘
658 2812 726 2849 Ego
746 2813 818 2841 huic
833 2812 883 2841 vel

111 2854 155 2883 illi
184 2853 307 2893 (velliti.
324 2854 350 2891 t)
376 2852 519 2882 videlicet
534 2852 541 2865 ’
575 2853 600 2882 is
621 2853 674 2882 the
700 2855 828 2893 reading
852 2855 886 2884 of

112 2897 131 2925 b
153 2908 172 2935 g
188 2900 211 2926 t.
260 2896 354 2926 Halm
382 2905 451 2935 says
483 2896 589 2925 “kuic
621 2896 766 2926 videlieet
799 2897 882 2934 edd.y

924 2600 973 2628 vel
989 2600 1033 2628 illi
1049 2599 1193 2629 videlicet
1208 2599 1307 2634 faveo,
1325 2602 1360 2628 tu
1375 2598 1442 2628 illi.'

970 2643 1000 2671 6.
1025 2642 1138 2671 melior
1158 2642 1239 2680 fiat]
1288 2645 1295 2658 ⁴
1310 2641 1426 2670 Melior
1437 2640 1444 2654 '
1476 2641 1502 2670 is
1532 2639 1698 2679 explained

926 2684 968 2723 by
983 2685 1024 2714 its
1040 2684 1186 2723 opposite
1202 2683 1420 2713 ‘infirmetmu’
1459 2683 1606 2712 Muretus
1627 2691 1697 2721 says

925 2727 951 2756 it
966 2727 992 2756 is
1004 2737 1022 2756 a
1033 2727 1137 2756 Greek
1153 2737 1218 2765 way
1235 2726 1270 2756 of
1283 2727 1443 2765 speaking,
1464 2725 1527 2755 like
1546 2724 1697 2755 Horace’s

928 2774 934 2786 ¹
946 2769 1083 2808 Tydides
1100 2769 1209 2798 melior
1225 2768 1335 2807 patre,'
1352 2769 1412 2798 and
1430 2772 1437 2785 ‘
1452 2768 1571 2798 Cervus
1581 2776 1697 2807 equum

928 2822 1034 2851 pugna
1050 2811 1177 2841 melior’
1194 2811 1291 2851 (Epp.
1303 2811 1324 2840 i.
1345 2812 1392 2846 10,
1410 2821 1439 2840 V.
1457 2810 1524 2849 34).

971 2854 1087 2893 lineae]
1129 2857 1149 2871 ‘⁴
1161 2854 1190 2883 V
1218 2854 1248 2884 D
1275 2854 1284 2883 i
1310 2854 1411 2883 lineae
1442 2852 1510 2892 (sed
1535 2852 1564 2880 V
1588 2850 1694 2889 liniae)

927 2898 1035 2927 vineae
1045 2897 1115 2926 edd.
1134 2897 1210 2936 (jam
1227 2897 1307 2926 Ven.
1324 2906 1352 2926 a.
1367 2895 1474 2935 1474).
1500 2895 1549 2924 De
1564 2893 1698 2924 lectione
