1816 3211
165 178 248 219 564
326 176 507 219 ORAT.
542 174 1059 217 PHILIPPICARUM
1096 172 1283 213 LIBER
1316 172 1609 226 QUINTUS.

166 291 277 333 Jove
299 291 409 332 enim
430 295 607 332 tonante
629 304 721 330 cum
744 289 897 344 populo
918 287 988 343 agi
1008 302 1091 327 non
1113 301 1204 327 esse
1226 286 1289 327 fas
1311 286 1402 341 quis
1423 286 1616 341 ignorat?
1676 286 1767 328 Tri-

166 356 268 397 buni
289 356 424 411 plebis
444 356 635 398 tulerunt
656 355 705 394 de
727 353 953 408 provinciis
975 358 1124 393 contra
1146 356 1242 392 acta
1265 350 1311 392 G.
1336 351 1538 401 Caesaris,
1565 353 1631 393 ille
1652 352 1766 393 bien-

164 422 291 472 nium,
316 422 396 462 iste
425 421 684 462 sexennium.
748 419 892 459 Etiam
914 419 1021 458 hanc
1042 417 1179 471 legem
1206 417 1385 472 populus
1417 416 1630 458 Romanus
1650 431 1765 458 acce-

165 487 254 541 pit?
285 486 394 541 quid,
419 484 687 539 promulgata
709 482 816 524 fuit?
847 482 956 537 quid,
976 496 1112 522 nonne
1130 487 1228 522 ante
1249 482 1336 522 lata
1358 496 1481 536 quam
1499 481 1655 536 scripta
1675 485 1767 524 est?

165 566 249 591 non
270 556 368 591 ante
390 550 548 590 factum
569 547 747 588 vidimus
778 562 904 602 quam
929 547 1115 588 futurum
1150 547 1370 602 quisquam
1403 551 1467 586 est
1503 546 1767 600 suspicatus?

170 615 257 655 Ubi
278 616 345 655 lex
369 613 550 654 Caecilia
572 619 615 654 et
639 612 792 653 Didia?
824 612 895 652 ubi
921 612 1204 667 promulgatio
1226 611 1381 653 trinum
1404 611 1634 651 nundinum
1655 611 1668 651 ἓ
1697 611 1767 651 ubi

164 694 323 734 poenae
345 678 507 719 recenti
528 679 622 733 lege
652 678 784 718 -Junia
815 683 857 718 et
893 676 1087 718 Licinia?
1148 677 1391 717 Possuntne
1424 677 1500 716 hae
1532 676 1646 731 leges
1677 691 1767 717 esse

164 749 282 786 ratae
304 744 393 785 sine
415 743 590 784 interitu
612 744 751 798 legum
773 742 1057 797 reliquarum?
1119 742 1250 782 Eccui
1272 746 1462 796 potestas
1489 740 1532 781 in
1552 741 1768 782 foi-umin-

165 809 358 851 sinuandi
379 809 484 850 fuit?
547 808 662 860 Quae
685 822 809 862 porro
831 807 900 847 illa
921 807 1122 856 tonitrua,
1147 822 1251 862 quae
1273 811 1516 861 tempestas,
1538 811 1597 856 ut,
1617 806 1653 847 si
1673 821 1768 847 aus-

165 875 273 930 picia
307 874 370 914 M.
395 873 629 914 Antonium
660 887 743 913 non
778 877 1006 921 moverent,
1045 872 1253 913 sustinere
1282 877 1424 913 tamen
1454 887 1548 912 eum
1583 886 1632 912 ac
1662 872 1768 912 ferre

165 954 288 994 posse
310 944 475 980 tantam
496 939 579 978 vim
600 937 880 992 tempestatis,
900 936 1044 977 imbris
1060 951 1109 978 ac
1130 937 1360 987 turbinum,
1377 936 1528 977 mirum
1545 937 1766 977 videretur.

168 1005 303 1057 Quam
324 1004 459 1058 legem
480 1003 611 1059 igitur
641 1017 686 1043 se
717 1017 853 1056 augur
874 1002 976 1043 dicit
1006 1002 1153 1043 tulisse
1187 1017 1270 1043 non
1302 1002 1425 1043 modo
1449 1007 1623 1043 tonante
1644 1001 1766 1051 Jove,

165 1071 240 1111 sed
270 1084 398 1125 prope
421 1068 591 1109 caelesti
613 1069 794 1109 clamore
826 1067 1090 1122 prohibente,
1114 1067 1222 1108 hanc
1253 1067 1465 1108 dubitabit
1497 1072 1646 1108 contra
1675 1081 1768 1107 aus-

165 1134 276 1189 picia
297 1134 426 1174 latam
449 1132 667 1174 confiteri?
729 1132 850 1184 Quid,
876 1132 986 1186 quod
1017 1146 1111 1171 cum
1143 1147 1192 1172 eo
1225 1132 1383 1186 collega
1404 1132 1514 1182 tulit,
1538 1146 1659 1187 quem
1679 1131 1768 1186 ipse

162 1199 265 1240 fecit
297 1213 372 1239 sua
403 1197 669 1238 nuntiatione
702 1196 912 1245 vitiosum,
951 1196 1106 1236 nihilne
1139 1197 1193 1236 ad
1239 1196 1428 1251 auspicia
1462 1197 1597 1237 bonus
1637 1210 1770 1250 augur

164 1263 373 1319 pertinere
395 1262 626 1302 arbitratus
648 1263 741 1302 est?
804 1260 887 1300 IV.
921 1260 1004 1301 Sed
1021 1261 1301 1316 auspiciorum
1322 1276 1398 1302 nos
1414 1262 1595 1302 fortasse
1617 1261 1769 1301 erimus

164 1329 431 1383 interpretes,
465 1327 535 1382 qui
566 1341 711 1367 sumus
739 1326 829 1380 ejus
865 1326 1062 1380 collegae.
1126 1326 1239 1366 Num
1270 1341 1370 1380 ergo
1403 1326 1531 1366 etiam
1559 1340 1769 1366 armorum

165 1394 418 1448 interpretes
451 1392 721 1447 quaerimus?
783 1391 973 1431 Primum
1007 1406 1150 1432 omnes
1182 1392 1260 1432 fori
1292 1392 1434 1433 aditus
1466 1391 1528 1432 ita
1562 1391 1670 1446 septi
1706 1397 1766 1439 ut,

165 1458 292 1500 etiam
310 1457 344 1498 si
365 1471 487 1498 nemo
505 1457 694 1497 obstaret
715 1461 917 1507 armatus,
937 1461 1079 1497 tamen
1100 1457 1179 1497 nisi
1201 1457 1332 1512 septis
1353 1457 1524 1497 revulsis
1546 1457 1706 1498 introiri
1726 1459 1768 1496 in

163 1524 300 1564 forum
321 1522 433 1562 nullo
455 1523 579 1562 modo
602 1526 773 1577 posset,
809 1521 869 1562 sic
891 1536 987 1562 vero
1010 1526 1130 1562 erant
1151 1521 1355 1576 disposita
1376 1521 1583 1577 praesidia
1604 1527 1662 1570 nt,
1686 1535 1767 1575 qno

164 1588 288 1628 modo
311 1587 496 1627 hostium
518 1586 659 1627 aditus
681 1588 783 1627 urbe
803 1586 1089 1641 prohibentur,
1113 1586 1174 1627 ita
1200 1587 1383 1627 castellis
1414 1591 1457 1627 et
1488 1586 1682 1640 operibus
1713 1586 1766 1626 ab

165 1652 424 1707 ingressione
445 1652 522 1692 fori
544 1652 744 1706 populum
761 1652 1037 1706 tribunosque
1058 1652 1168 1706 plebi
1189 1652 1423 1707 propulsari
1441 1652 1615 1692 videres.
1668 1652 1766 1704 Qui-

167 1718 247 1758 bus
279 1718 330 1758 de
361 1717 520 1758 caussis
551 1731 621 1757 eas
657 1716 783 1770 leges,
808 1731 912 1770 quas
943 1717 1004 1757 M.
1028 1717 1242 1757 Antonius
1272 1717 1416 1757 tulisse
1437 1716 1600 1763 dicitur,
1623 1730 1767 1757 omnes

167 1796 318 1822 censeo
340 1797 413 1836 per
434 1781 517 1822 vim
539 1787 583 1822 et
605 1786 753 1821 contra
774 1780 962 1835 auspicia
982 1781 1102 1831 latas,
1127 1781 1257 1836 iisque
1278 1781 1440 1835 legibus
1464 1781 1663 1836 populum
1684 1796 1767 1821 non

166 1846 314 1887 teneri.
378 1846 422 1886 Si
454 1860 577 1901 quam
612 1845 746 1899 legem
778 1846 828 1885 de
860 1846 966 1886 actis
999 1845 1189 1887 Caesaris
1224 1847 1530 1895 confirmandis,
1554 1847 1655 1887 deve
1681 1845 1767 1886 dic-

165 1916 310 1954 ‘natura
343 1910 386 1950 in
418 1915 666 1965 perpetuum
701 1909 896 1959 tollenda,
930 1911 1033 1951 deve
1066 1910 1237 1951 coloniis
1269 1911 1309 1950 in
1338 1925 1462 1965 agros
1498 1910 1763 1959 deducendis,

167 2008 297 2043 ‘What‚
326 2007 378 2037 did
412 2008 468 2037 the
499 2007 612 2047 pcople
642 2007 761 2036 receive
792 2007 846 2037 the
877 2007 944 2037 Lex

167 2051 236 2089 (the
247 2051 377 2089 Agraria
390 2050 492 2088 Lex).³
510 2061 580 2089 nay,
592 2050 644 2079 did
659 2054 713 2079 not
727 2050 782 2079 the
796 2051 945 2089 Auspicia

166 2094 258 2124 make
285 2095 310 2123 it
335 2093 518 2132 impossible
542 2093 590 2122 for
613 2093 667 2122 the
694 2093 759 2122 Lex
782 2097 815 2122 to
833 2104 905 2132 pass
920 2093 943 2123 ?’

167 2136 218 2166 He
245 2136 332 2170 adds,
360 2137 438 2166 ‘bnt
456 2136 536 2165 heis
557 2139 609 2165 too
634 2135 757 2165 modest
780 2147 819 2166 an
845 2147 945 2175 augur

166 2183 200 2209 to
218 2179 314 2218 judge
339 2179 373 2209 of
393 2180 447 2208 the
472 2179 621 2218 Auspicia
646 2179 781 2208 without
807 2179 855 2209 his
884 2180 946 2209 col-

167 2222 316 2260 leagues.'
372 2222 441 2252 The
470 2222 544 2251 verb
575 2222 601 2251 is
632 2222 776 2251 omitted.
832 2222 946 2261 Comp.

171 2265 252 2294 Phil.
266 2265 296 2294 ii.
310 2275 335 2294 c.
348 2266 381 2295 3:
401 2268 419 2281 ‘⁴
435 2275 533 2304 quum
549 2265 687 2303 auspicia
698 2265 832 2303 augur,’'
847 2268 948 2295 διε.-

170 2310 178 2324 ⁴
190 2308 269 2337 Jove
292 2310 424 2337 tonante
443 2307 462 2337 ι’
487 2308 588 2337 which
605 2307 645 2338 he
661 2307 718 2337 has
745 2308 812 2337 said
829 2308 946 2338 before.

172 2350 273 2378 —‘de
296 2350 493 2389 provinciisz'
518 2360 569 2380 see
595 2351 672 2380 Phil.
698 2351 719 2379 i.
747 2360 772 2380 c,
791 2353 820 2381 8.
865 2351 943 2381 This

170 2402 232 2421 was
249 2402 267 2420 a
283 2392 348 2422 Lex
371 2393 406 2422 of
426 2393 549 2427 Caesar,
571 2394 633 2422 and
650 2393 803 2432 probably
818 2394 944 2424 1111111611

171 2435 221 2464 De
249 2435 427 2464 Provinciis.
474 2436 535 2465 We
556 2436 649 2465 know
677 2446 718 2465 no
744 2446 831 2466 more
861 2437 897 2466 of
920 2438 945 2466 it

169 2477 245 2506 than
268 2477 376 2507 Cicero
404 2478 464 2506 and
493 2478 575 2507 Dion
605 2479 730 2508 Cassius
760 2480 825 2518 (⁴3,
843 2490 868 2509 c.
887 2479 942 2520 25)

170 2520 225 2551 tell
249 2530 296 2550 us.
343 2520 441 2549 Orelli
469 2521 501 2549 in
526 2521 574 2550 his
600 2521 699 2550 Index
729 2522 849 2560 Legum
867 2532 944 2552 con-

170 2562 285 2592 founds
301 2562 365 2591 this
382 2562 447 2591 Lex
465 2563 514 2592 De
532 2563 703 2593 Provinciis
720 2565 792 2594 witb
811 2565 945 2594 another

171 2605 238 2635 Lex
254 2605 288 2634 of
302 2604 426 2639 Caesar,
444 2605 555 2643 passed
573 2607 645 2643 long
663 2607 768 2636 before
787 2607 869 2646 (13.c.
887 2607 944 2647 59)

169 2651 203 2677 to
216 2647 317 2676 which
332 2647 440 2677 Cicero
453 2648 571 2677 alludes
590 2647 642 2686 (In
656 2649 758 2678 Pison.
772 2660 798 2678 c.
816 2652 872 2687 163
896 2651 946 2679 Ad

169 2690 242 2720 Div.
261 2701 288 2719 v.
307 2692 368 2725 20;
394 2690 443 2720 Ad
460 2690 526 2719 Att.
545 2691 582 2718 vi.
599 2692 628 2725 7,
642 2692 702 2720 and
717 2694 766 2727 21,
783 2693 845 2722 and
862 2693 940 2722 else-

167 2733 296 2770 where).
342 2732 419 2761 This
446 2732 511 2761 Lex
539 2733 640 2761 which
667 2734 692 2762 is
718 2735 842 2764 alluded
859 2739 891 2765 to
908 2736 941 2765 in

167 2775 221 2805 the
237 2776 274 2805 In
293 2775 397 2805 Pison.
414 2785 483 2813 may
497 2775 575 2804 have
591 2775 669 2804 been
683 2786 701 2805 a
713 2777 777 2806 Lex
790 2778 875 2807 Julia
893 2779 941 2808 De

168 2819 352 2853 Provinciis,
377 2818 435 2847 but
459 2818 484 2848 it
510 2827 570 2846 was
596 2822 651 2846 not
678 2819 733 2847 1116
760 2820 824 2849 Lex
842 2821 943 2850 which

167 2862 277 2891 Cicero
304 2860 423 2890 alludes
448 2864 480 2890 to
508 2860 541 2889 in
567 2860 630 2889 this
655 2862 789 2897 oration,
807 2872 865 2892 nor
889 2864 944 2893 the

165 2904 232 2934 Lex
264 2903 364 2934 which
396 2903 482 2934 Dion
514 2903 580 2943 (43,
612 2912 637 2933 c.
671 2903 725 2943 25)
759 2905 871 2944 speaks
899 2906 942 2936 of.

991 2008 1100 2037 ‘Iste'
1127 2008 1153 2037 is
1184 2007 1337 2047 probably
1362 2013 1419 2037 not
1443 2007 1537 2046 right.
1586 2007 1683 2036 Halm
1710 2007 1767 2037 has

990 2054 996 2067 ‘
1012 2051 1143 2081 hic.'-‘
1157 2054 1230 2081 ante
1245 2051 1309 2080 lata
1323 2050 1342 2080 τ’
1367 2061 1418 2080 see
1436 2051 1515 2080 Phil.
1537 2050 1556 2080 i.
1575 2060 1600 2080 e.
1622 2052 1670 2080 10.

1037 2094 1175 2124 Caecilia
1193 2097 1223 2124 et
1239 2094 1357 2133 Didia]
1406 2094 1473 2123 The
1491 2094 1591 2132 Leges
1603 2093 1699 2123 about
1711 2093 1767 2123 the

990 2137 1221 2176 ‘promulgatio
1249 2137 1367 2166 trinum
1394 2135 1594 2166 nundinum.'
1642 2136 1700 2166 See
1716 2137 1767 2166 De

993 2180 1108 2216 Domo,
1141 2190 1166 2209 c.
1198 2181 1244 2215 16,
1274 2180 1334 2209 and
1365 2180 1420 2209 the
1450 2184 1544 2215 note;
1584 2179 1645 2208 and
1672 2189 1706 2209 as
1733 2184 1766 2209 to

991 2223 1089 2253 Junia
1124 2226 1156 2252 et
1190 2223 1321 2258 Licinia,
1354 2233 1406 2252 see
1433 2223 1493 2252 Pro
1521 2222 1632 2258 Sestio,
1659 2232 1684 2251 c.
1714 2224 1766 2258 64,

991 2266 1054 2295 and
1070 2265 1124 2295 the
1148 2270 1232 2302 note,
1256 2266 1328 2296 Vol.
1345 2266 1389 2295 iii.
1436 2266 1494 2295 See
1509 2265 1575 2294 also
1601 2264 1641 2294 In
1657 2265 1765 2295 Vatin.

994 2318 1020 2338 c.
1042 2310 1091 2342 14,
1109 2309 1180 2338 Vol.
1197 2309 1237 2338 iv.

1031 2352 1233 2390 insinuandi]
1252 2351 1292 2381 V.
1312 2354 1319 2368 ‘
1333 2350 1515 2381 introeundi
1527 2349 1534 2363 ²
1549 2351 1590 2380 D.
1618 2350 1684 2380 But
1699 2353 1706 2367 ‘
1718 2351 1765 2380 in-

990 2394 1157 2423 sinuandi’
1193 2404 1354 2433 expresses
1385 2394 1440 2423 the
1471 2394 1618 2431 meaning
1650 2393 1763 2423 better.

991 2438 1049 2467 See
1066 2438 1153 2466 Verr.
1182 2438 1213 2466 ii.
1239 2439 1270 2473 3,
1296 2447 1322 2466 c.
1340 2438 1391 2474 63,
1419 2437 1481 2466 and
1507 2437 1562 2466 the
1586 2439 1677 2472 note3
1703 2436 1765 2465 and

990 2480 1061 2509 Vol.
1079 2480 1110 2509 ii.
1130 2480 1240 2510 Index.

1033 2532 1066 2552 eo
1095 2524 1216 2561 colleqa
1248 2545 1255 2552 .
1274 2545 1281 2552 .
1301 2545 1309 2552 .
1340 2521 1559 2560 nuntiatione]
1610 2522 1671 2551 His
1701 2521 1764 2550 col-

989 2565 1099 2604 league
1114 2566 1147 2594 in
1167 2567 1220 2595 the
1242 2566 1434 2604 consulship,
1460 2564 1638 2599 Dolabella,
1661 2564 1764 2593 whose

991 2609 1122 2638 election
1151 2609 1308 2639 Antonius
1330 2609 1389 2637 had
1416 2607 1634 2638 endeavoured
1650 2611 1683 2636 to
1705 2616 1762 2635 an-

991 2652 1047 2680 nul
1061 2651 1101 2690 by
1119 2651 1166 2680 his
1183 2651 1382 2680 ‘nuntiatio.'

1030 2695 1060 2724 4.
1108 2695 1300 2732 interpretes
1347 2692 1545 2732 quaerimus]
1614 2691 1762 2721 Muretus

985 2736 1142 2775 proposed
1182 2737 1394 2775 ‘interpretes
1429 2733 1568 2765 erimus.’
1615 2734 1666 2763 He
1696 2734 1762 2763 also

985 2779 1142 2818 proposed
1158 2782 1191 2808 to
1208 2779 1268 2808 add
1295 2783 1302 2795 ‘
1317 2778 1410 2809 sunt’
1433 2778 1513 2808 after
1541 2780 1548 2793 ‘
1563 2776 1643 2815 septi
1656 2776 1679 2811 ;’
1705 2776 1763 2805 bnt

991 2822 1086 2851 Halm
1114 2822 1155 2860 by
1170 2822 1281 2860 taking
1307 2832 1393 2860 away
1417 2821 1472 2850 the
1497 2819 1555 2849 full
1585 2822 1654 2857 stop
1682 2819 1763 2848 after

989 2867 996 2881 ⁴
1012 2869 1119 2903 posset
1131 2863 1137 2874 '
1155 2865 1263 2894 makes
1280 2865 1342 2894 this
1358 2864 1499 2893 addition
1515 2871 1735 2900 unnecessary.

1047 2907 1121 2937 dere
1147 2907 1328 2946 dictatura]
1379 2907 1430 2939 He
1456 2905 1530 2946 only
1561 2904 1719 2934 mentions
1743 2914 1762 2934 a
