1899 3227
737 177 871 221 CAP.
903 180 1028 220 3—5.
1636 180 1688 218 45

87 306 280 334 caussam
311 292 362 332 de
392 291 578 347 pecuniis
609 291 855 346 repetundis
888 290 1070 332 Catilina
1101 290 1222 331 dixit.
1286 291 1455 331 Mecum
1479 295 1571 330 erat
1592 291 1685 338 hic;

86 358 144 398 illi
172 372 224 397 ne
248 358 478 397 advocatus
499 356 666 411 quidem
687 356 802 397 venit
829 370 1041 410 umquam.
1104 355 1318 410 Deinceps
1346 355 1428 395 fuit
1452 369 1587 395 annus
1608 370 1689 410 quo

87 437 165 477 ego
206 422 465 463 consulatum
501 421 654 477 petivi3
694 422 869 476 petebat
906 421 1088 462 Catilina
1123 435 1300 460 mecum.
1364 419 1603 474 Numquam
1637 421 1692 460 ad

41 477 44 480 ⁴
86 487 201 527 illum
236 487 447 534 accessit3
494 501 519 527 a
550 501 616 527 me
651 501 877 541 numquam
910 486 1098 527 recessit.
1173 485 1230 527 V.
1276 485 1359 526 Tot
1395 485 1525 539 igitur
1560 499 1692 525 annos

86 557 275 592 versatus
316 551 357 591 in
396 552 487 592 foro
528 551 615 591 sine
657 551 905 606 suspicione,
945 551 1034 591 sine
1075 550 1257 599 infamia,
1291 550 1456 591 studuit
1486 549 1691 590 Catilinae

85 617 238 658 iterum
273 616 448 670 petenti.
511 616 645 667 Quem
681 631 779 670 ergo
813 617 867 656 ad
900 616 1025 656 finem
1058 620 1198 670 putas*
1222 614 1544 656 custodiendam
1580 614 1692 654 illam

87 686 270 722 aetatem
286 680 444 721 fuisse?
490 679 623 720 Nobis
639 680 806 734 quidem
827 681 923 721 olim
945 695 1080 720 annus
1102 685 1194 721 erat
1216 694 1322 719 unus
1339 680 1391 719 ad
1414 679 1693 719 cohibendum

88 746 302 787 brachium
336 750 435 800 toga
467 745 737 795 constitutus,
762 750 806 786 et
840 750 889 786 ut
919 745 1224 786 exercitatione
1256 744 1436 798 ludoque
1465 743 1692 798 campestri

88 810 267 853 tunicati
289 815 512 858 uteremur,
536 810 764 865 eademque
787 816 890 859 erat,
915 810 949 850 si
971 810 1118 851 statim
1142 809 1290 849 mereri
1311 809 1521 863 stipendia
1544 823 1693 863 coepe-

88 890 241 923 ramus,
265 876 488 916 castrensis
509 876 618 916 ratio
641 890 690 916 ac
712 875 918 916 militaris.
982 876 1075 927 Qua
1101 875 1142 915 in
1169 879 1322 922 aetate,
1346 874 1425 914 nisi
1449 874 1517 928 qui
1540 888 1583 914 se
1605 874 1693 928 ipse

89 955 164 982 sua
185 940 394 995 gravitate
416 946 460 981 et
481 940 728 981 castimonia
746 945 790 982 et
807 949 934 995 quum
957 940 1173 994 disciplina
1191 939 1432 989 domestica,
1452 944 1543 979 tum
1565 939 1693 980 etiam

90 1006 270 1047 naturali
298 1006 477 1060 quodam
506 1006 615 1046 bono
644 1005 898 1055 defenderet,
927 1020 1093 1060 quoquo
1128 1005 1251 1045 niodo
1284 1019 1310 1044 a
1337 1004 1422 1044 suis
1455 1005 1693 1045 custoditus

90 1076 215 1120 esset,
239 1075 379 1111 tamen
402 1071 614 1111 infamiam
637 1086 774 1112 veram
796 1071 978 1125 effugere
1000 1086 1083 1111 non
1104 1075 1285 1125 poterat.
1349 1070 1433 1111 Sed
1459 1070 1528 1125 qni
1560 1070 1694 1124 prima

91 1136 159 1177 illa
180 1136 299 1177 initia
325 1137 479 1177 aetatis
511 1136 675 1190 integra
705 1140 833 1191 atque
856 1136 1053 1176 inviolata
1078 1135 1374 1191 praestitisset,
1400 1136 1450 1176 de
1472 1137 1562 1190 ejus
1583 1136 1694 1175 fama

91 1215 139 1241 ac
160 1201 374 1255 pudicitia,
391 1216 517 1256 quum
538 1201 573 1241 is
590 1202 679 1255 jam
700 1216 744 1241 se
767 1201 1122 1241 col-roboravisset
1153 1215 1201 1240 ac
1223 1200 1284 1241 vir
1306 1200 1414 1241 inter
1436 1201 1545 1241 viros
1567 1205 1691 1248 esset,

91 1280 213 1306 nemo
234 1266 494 1320 loquebatur.
558 1265 731 1306 Studuit
754 1266 972 1316 Catilinae,
998 1280 1123 1319 quum
1140 1266 1228 1319 jam
1250 1265 1407 1319 aliquot
1427 1280 1559 1305 annos
1581 1269 1694 1305 esset

93 1330 133 1370 in
155 1330 257 1379 foro,
282 1331 444 1371 Caelius
463 1348 473 1378 ς
519 1335 562 1371 et
592 1331 712 1370 multi
734 1330 811 1371 hoc
833 1331 943 1371 idem
972 1346 1023 1371 ex
1057 1331 1167 1370 omni
1194 1330 1338 1370 ordine
1358 1335 1486 1385 atquc
1508 1345 1559 1370 ex
1581 1329 1693 1369 omni

93 1400 234 1436 aetate
265 1396 466 1437 fecerunt.
529 1395 695 1452 Habuit
723 1395 832 1436 enim
868 1396 947 1444 ille,
971 1395 1095 1436 sicuti
1126 1395 1365 1435 meminisse
1393 1410 1466 1435 vos
1497 1394 1690 1443 arbitror,

92 1461 299 1515 permulta
321 1456 711 1511 maximarumfnon
735 1456 930 1516 expressa
953 1461 1086 1515 signa,
1108 1461 1180 1501 sed
1208 1461 1457 1515 adumbrata
1477 1461 1692 1501 virtutum.

138 1577 167 1605 5.
183 1575 242 1604 Tot
256 1575 358 1613 iqilur
367 1574 480 1613 annos]
498 1574 728 1613 Fouryea1·s,as
742 1574 873 1604 Abrami

94 1617 226 1648 reckons
238 1618 273 1654 it,
290 1627 351 1647 one
367 1618 401 1646 of
415 1616 552 1647 Cicero’s
569 1618 777 1657 praetorship,
796 1618 873 1647 then

94 1661 149 1691 the
165 1670 238 1700 year
251 1660 340 1697 after,
352 1661 427 1690 then
443 1661 498 1690 the
513 1670 586 1699 year
596 1661 627 1689 in
641 1660 742 1689 which
760 1661 799 1690 he
810 1671 872 1690 was

95 1704 214 1734 elected
231 1704 350 1738 consul,
362 1703 422 1733 and
439 1703 516 1733 then
530 1704 577 1732 his
591 1703 783 1742 consulship.
812 1703 872 1733 Ca-

94 1747 185 1777 tilina
200 1757 262 1776 was
278 1747 367 1785 again
383 1757 402 1775 a
417 1746 581 1776 candidate
600 1747 630 1775 in
649 1746 785 1776 Cicero’s
799 1756 873 1776 con-

96 1789 282 1828 sulship.——‘
295 1799 388 1829 quem
400 1799 474 1827 ergo
487 1789 525 1818 ad
542 1790 637 1819 finem
652 1789 671 1818 ι’
691 1793 697 1806 ‘
713 1789 781 1818 how
798 1790 873 1828 long

95 1832 202 1862 then?’
234 1832 292 1862 See
308 1832 346 1861 In
362 1832 431 1862 Cat.
445 1832 464 1862 i.
483 1833 508 1867 l,
524 1835 543 1848 ‘⁴
559 1832 661 1865 Quem
679 1832 716 1861 ad
741 1832 871 1867 tincm‚’'

97 1878 153 1905 &c.
190 1874 424 1915 Tacitus(Ann.
436 1875 560 1914 xiv.5·2)
569 1876 633 1904 also
645 1886 724 1914 say&
740 1878 757 1891 “
768 1876 871 1908 Quem

95 1918 134 1948 ad
164 1918 259 1948 finem
291 1918 368 1947 nihil
398 1918 429 1947 in
456 1928 489 1947 re
515 1918 640 1957 publica
661 1918 778 1948 clarum
804 1918 870 1948 fore

97 1961 182 2001 quod
199 1971 260 1991 non
277 1961 315 1991 ab
332 1961 385 1991 illo
401 1961 529 2001 reperiri
546 1960 739 1991 credatur?''

140 2004 183 2033 ad
213 2004 422 2034 cohibendum
460 2005 644 2040 brachium]
702 2004 869 2034 Hotmann

97 2049 208 2087 quotes
224 2057 242 2076 a
258 2057 387 2086 passage
402 2046 483 2077 from
497 2047 615 2077 Seneca
628 2045 713 2087 (Lib.
727 2047 867 2076 Declam.

97 2089 141 2129 v.)
157 2101 164 2119 ε
194 2092 213 2106 “
228 2089 321 2129 Apud
349 2093 453 2129 patres
483 2093 618 2126 nostros,
650 2090 703 2129 qui
735 2089 871 2119 forensia.

97 2132 253 2172 stipendia
293 2132 547 2172 auspicabantur,
589 2132 676 2163 nefas
714 2132 871 2172 putabant

97 2174 259 2205 brachium
290 2179 379 2205 extra
408 2179 513 2214 togam
551 2186 702 2211 exserere,
734 2186 806 2204 nam
838 2175 871 2204 in

98 2223 172 2257 toga
187 2228 259 2258 pars
275 2218 427 2258 quaedam
445 2219 476 2247 in
494 2218 605 2248 dextra
622 2222 711 2258 parte
727 2228 871 2248 excurre-

98 2260 163 2296 bat,
188 2271 267 2301 quae
298 2261 384 2291 sinus
415 2261 578 2291 dicebatur
601 2265 632 2291 et
662 2261 693 2291 in
725 2262 869 2291 dextrum

98 2302 265 2333 humerum
289 2304 333 2333 sic
362 2303 562 2342 rejiciebatur
586 2307 622 2334 ut
656 2304 732 2334 illud
763 2304 870 2333 obvol-

99 2346 218 2376 veret.’'
264 2347 332 2377 The
347 2347 529 2376 ‘brachium
544 2346 551 2359 '
569 2347 594 2376 is
611 2347 664 2376 the
685 2347 770 2385 right
793 2357 871 2376 arm.

99 2392 151 2410 ·—‘
166 2388 302 2428 ludoque
325 2390 490 2429 campestri
514 2391 645 2419 tunicati
660 2390 680 2419 ε’
706 2390 872 2419 Manutius

101 2439 170 2469 says
198 2434 216 2448 ‘⁴
230 2441 291 2461 non
318 2432 392 2462 ludo
416 2433 593 2472 campestri,
622 2432 675 2462 sed
704 2433 872 2471 campestri

101 2473 232 2502 tunicati
246 2477 414 2511 uteremur,
428 2479 460 2505 et
474 2475 532 2505 hoc
548 2475 720 2505 modestiae
731 2473 872 2505 caussa.'’

101 2515 174 2545 And
197 2516 302 2546 others
329 2518 400 2547 takc
423 2518 447 2547 it
471 2528 515 2548 so.
561 2518 630 2548 The
655 2522 662 2535 ⁴
677 2517 873 2557 campestch

101 2558 140 2588 he
171 2558 256 2593 adds,
288 2569 349 2587 was
379 2570 398 2589 a
423 2564 430 2577 ⁸
449 2561 579 2591 vestitus
610 2561 752 2590 hiemalis
780 2569 875 2600 supra

101 2599 262 2635 tuni‹·am,'
282 2602 342 2630 and
360 2602 399 2631 hc
415 2607 524 2642 quotes
550 2604 671 2633 llorace
689 2604 763 2643 (le.
782 2604 801 2633 i.
826 2605 871 2640 12,

106 2644 153 2679 18,
170 2643 230 2673 and
248 2643 438 2674 Mat-leane‘s
455 2645 543 2686 note)
557 2658 564 2675 ε

102 2713 120 2727 “
143 2711 258 2741 l’cnula
299 2710 445 2747 solstitio,

246 2754 251 2759 ¹
286 2752 305 2766 n
488 2715 662 2751 campestre
694 2713 850 2743 nivalibus

186 2764 281 2783 auris.

101 2812 166 2842 But
189 2812 242 2842 thc
268 2815 275 2829 ‘
290 2812 483 2851 campestrc’
506 2822 568 2842 was
592 2813 665 2852 only
688 2824 706 2844 a
729 2815 874 2853 cover-ing

100 2855 149 2884 for
165 2855 218 2885 the
235 2855 315 2885 loins
329 2867 336 2891 ;
354 2855 413 2884 and
433 2855 485 2884 tho
502 2856 615 2894 youths
631 2857 701 2885 who
717 2858 873 2887 exem-,ised

101 2897 133 2927 iu
151 2898 204 2928 the
223 2898 333 2928 ‘ludus
357 2899 541 2938 campestris
556 2897 562 2910 ’
579 2899 630 2928 11111
648 2902 704 2928 not
720 2900 796 2939 strip
813 2901 873 2930 und

917 1578 975 1614 put
991 1584 1032 1604 on
1050 1575 1103 1604 the
1119 1576 1126 1592 ‘
1144 1577 1319 1613 campestre
1331 1573 1338 1585 '
1355 1573 1430 1613 only
1454 1574 1515 1603 like
1537 1573 1589 1603 the
1608 1584 1692 1609 men,

917 1618 975 1647 but
985 1618 1060 1656 they
1071 1628 1148 1647 even
1163 1627 1243 1646 wore
1254 1617 1307 1646 the
1325 1621 1331 1633 ⁴
1345 1617 1452 1646 tunica
1464 1615 1482 1652 ;’
1496 1626 1529 1646 as
1542 1616 1693 1646 Graevius

916 1661 1033 1699 rightly
1051 1660 1192 1699 explains
1207 1660 1262 1689 the
1277 1669 1418 1698 passage.

961 1703 1161 1742 defenderet]
1212 1703 1249 1732 Ε.
1269 1703 1306 1732 G.
1321 1714 1328 1738 ;
1347 1706 1353 1718 ‘
1365 1702 1547 1731 defenderat
1559 1702 1565 1713 ⁷
1587 1702 1616 1731 P.
1631 1702 1692 1731 and

917 1756 936 1776 a
951 1756 1097 1775 common
1123 1745 1263 1784 reading,
1288 1745 1345 1774 but
1366 1755 1384 1774 a
1403 1745 1478 1774 salse
1501 1745 1639 1781 reading,
1660 1745 1692 1774 in

917 1789 972 1819 the
997 1789 1194 1818 editions—¹
1208 1788 1369 1817 infamiam
1395 1787 1534 1817 veramz’
1567 1787 1693 1817 Ernesti

918 1832 1082 1871 suspected
1101 1835 1107 1848 ‘
1123 1831 1250 1861 veram.’
1296 1831 1382 1860 Bake
1399 1830 1501 1859 would
1520 1830 1606 1859 write
1624 1834 1630 1846 ‘
1645 1831 1692 1859 in-

917 1875 1029 1904 famiae
1059 1874 1220 1910 ventum3’
1247 1884 1287 1903 an
1314 1873 1515 1903 emendation
1542 1873 1644 1902 which
1667 1873 1693 1902 is

915 1918 998 1947 wind
1015 1917 1077 1947 and
1095 1917 1227 1955 nothing
1243 1917 1316 1946 else.
1351 1916 1446 1946 Halm
1465 1920 1608 1955 suggests
1626 1920 1633 1932 ⁴
1646 1916 1693 1945 111-

914 1961 1041 1990 famiam
1080 1959 1266 1990 adversam.'
1312 1959 1399 1998 Why
1430 1963 1546 1989 cannot
1582 1959 1692 1989 Cicero

914 2014 969 2043 say
995 2003 1145 2033 ‘infamia
1167 2001 1283 2032 vera?’
1330 2001 1411 2031 Ovid
1445 2002 1540 2042 (Met.
1565 2002 1585 2031 i.
1613 2002 1690 2041 215)

914 2057 984 2086 says
1009 2050 1027 2063 ⁴⁴
1041 2047 1143 2075 minor
1164 2046 1224 2075 fuit
1248 2045 1317 2084 ipsa
1336 2045 1465 2074 infamia
1488 2044 1605 2081 vei·0;'’
1630 2045 1692 2074 and

917 2090 1041 2120 Horace
1059 2089 1135 2129 (Ep.
1152 2089 1171 2118 i.
1194 2090 1241 2124 16,
1260 2088 1315 2127 39)
1337 2097 1407 2126 says

917 2148 1061 2178 “Falsus
1089 2149 1190 2178 honor
1220 2147 1310 2186 juvat
1331 2150 1363 2177 et
1397 2146 1531 2176 mendax
1563 2145 1692 2176 infamia

1003 2190 1133 2221 terret.'’

917 2258 950 2288 If
969 2261 976 2275 ⁴
992 2258 1091 2287 honor
1106 2258 1112 2271 '
1130 2268 1187 2287 can
1206 2257 1246 2287 bc
1263 2261 1270 2274 ‘
1283 2256 1402 2292 falsus!
1427 2257 1489 2286 and
1517 2260 1524 2273 ¹
1540 2256 1670 2286 infamia
1682 2256 1689 2268 ⁷

917 2312 973 2331 can
999 2301 1038 2331 be
1070 2305 1077 2317 ⁴
1093 2300 1250 2335 mendax,'
1280 2304 1286 2316 ¹
1302 2299 1452 2329 infamia’
1477 2310 1534 2329 can
1560 2299 1626 2328 also
1653 2299 1692 2328 he

917 2347 924 2361 ‘
940 2343 1033 2373 vera.)
1095 2344 1233 2379 Resides,
1271 2353 1305 2372 as
1345 2343 1495 2372 Garatoni
1534 2342 1691 2377 observes,

918 2386 1027 2417 Cicero
1049 2397 1119 2426 says
1144 2387 1241 2416 ‘falsa
1264 2386 1392 2415 infamia
1407 2385 1413 2397 ’
1436 2386 1512 2424 (Pro
1533 2385 1690 2420 Cluentio,

918 2440 943 2460 c.
963 2430 1009 2466 3).
1027 2430 1087 2459 and
1106 2433 1113 2446 ⁸
1126 2430 1204 2458 falsa
1219 2429 1334 2458 invidia
1347 2427 1353 2439 '
1372 2428 1414 2467 (c.
1429 2430 1474 2463 2).

961 2474 1088 2502 Habuit
1102 2475 1184 2502 enim
1205 2473 1274 2508 ille}
1323 2471 1448 2500 Scethc
1472 2470 1689 2500 Introduction

919 2518 950 2545 to
982 2516 1035 2544 tho
1063 2516 1211 2544 Orations
1236 2515 1357 2550 against
1382 2514 1526 2547 Catilina,
1553 2514 1622 2542 Vol.
1648 2513 1690 2542 iii.

922 2559 952 2587 It
968 2569 1029 2587 was
1047 2568 1115 2587 now
1133 2558 1272 2588 Ci‹·ero's
1289 2567 1424 2596 purpose
1444 2561 1476 2585 to
1498 2556 1588 2585 make
1605 2556 1691 2585 Cati-

918 2602 979 2630 lina
997 2602 1058 2630 loss
1075 2601 1134 2629 bad
1152 2601 1227 2629 than
1243 2600 1281 2629 he
1295 2610 1366 2632 was.
1382 2601 1411 2628 in
1429 2599 1520 2628 ordor
1533 2604 1565 2627 to
1579 2609 1691 2627 ext-use

918 2645 1053 2674 Caelius.
1102 2645 1142 2671 So
1165 2654 1209 2672 wc
1232 2647 1312 2672 must
1338 2647 1388 2671 nol
1413 2643 1587 2678 altogether
1611 2647 1686 2669 trust

917 2687 983 2716 him
1014 2686 1114 2715 either
1146 2687 1218 2715 here
1249 2696 1284 2714 or
1314 2686 1345 2714 111
1377 2686 1425 2714 his
1460 2684 1690 2714 Htw-{munimus

917 2730 1039 2768 against.
1054 2729 1108 2758 the
1124 2729 1328 2767 conspirator.

960 2782 1022 2802 non
1047 2782 1196 2810 capras-sa
1223 2771 1330 2809 siyna]
1381 2770 1467 2799 ‘Not
1492 2769 1545 2797 1111·
1572 2766 1688 2795 certain

919 2815 1034 2849 marks,
1053 2815 1109 2844 but
1126 2815 1180 2844 the
1194 2814 1271 2843 form
1286 2813 1346 2842 111111
1361 2813 1481 2841 outlim¹
1494 2811 1528 2838 os
1551 2807 1689 2837 virtues.v

919 2861 925 2874 ¹
942 2858 1098 2896 Expressa
1127 2858 1215 2892 signa
1229 2856 1235 2868 '
1267 2857 1292 2884 is
1323 2866 1341 2884 a
1372 2854 1534 2891 mvtuphor
1565 2849 1689 2879 derived

919 2900 998 2930 from
1017 2900 1070 2930 the
1087 2900 1197 2939 plastic
1213 2903 1270 2928 nrt.
1294 2898 1421 2927 Tacitus
1437 2894 1556 2931 pigi-iv.
1570 2904 1595 2921 1·.
1611 2894 1665 2924 -1111
1680 2903 1687 2921 2
