1816 3211
750 194 882 237 OAP.
913 196 1037 236 3—5.
1610 193 1692 237 557

71 307 74 310 ’
98 309 301 350 bonorum
333 307 517 358 donatio,
549 322 632 349 non
662 322 856 363 agrorum
890 305 1132 361 assignatiO,
1158 320 1242 347 non
1269 305 1338 346 illa
1368 305 1531 346 infinita
1566 305 1690 346 hasta

98 374 294 422 satiavit,
329 373 398 428 qui
421 373 499 414 sibi
524 374 682 423 urbem,
706 372 776 427 qui
806 374 917 413 bona
937 376 981 413 et
1014 370 1374 412 fortunas-civium
1408 370 1461 410 ad
1492 370 1691 425 praedam

97 430 430 493 proposuerunt3
468 437 548 492 qui,
582 438 680 477 dum
707 437 776 477 hic
797 437 854 478 sit
875 436 986 490 quod
1017 435 1196 490 rapiant,
1219 435 1331 489 quod
1363 433 1566 482 auferant,
1589 433 1691 473 nihil

97 502 177 543 sibi
199 503 440 544 defuturum
460 501 742 543 arbitrantur:
772 501 923 556 quibus
942 500 1004 539 M.
1025 500 1321 541 Antonius—o
1343 499 1398 539 dii
1419 498 1688 544 immortales,

96 568 277 608 avertite
313 571 357 607 et
393 566 672 615 detestamini,
710 579 877 621 quaeso,
911 564 990 604 hoc
1021 564 1348 604 omen—urbem
1382 578 1427 604 se
1462 563 1690 604 divisurum

97 646 190 672 esse
230 631 436 689 promisit.
498 630 568 671 Ita
600 645 712 680 vero,
753 629 951 682 Quirites,
988 634 1036 670 ut
1074 628 1312 684 precamini,
1351 627 1527 677 eveniat,
1561 632 1689 681 atque

96 695 221 750 hujus
241 695 448 750 amentiae
469 709 606 749 poena
627 694 668 734 in
688 695 823 749 ipsum
854 693 1133 748 familiamque
1154 694 1244 748 ejus
1265 693 1424 733 recidat
1442 710 1452 739 ;
1488 691 1598 746 quod
1628 691 1690 732 ita

95 760 283 802 futurum
304 774 395 801 esse
425 759 603 800 confido.
664 758 765 799 Jam
798 758 908 799 enim
939 772 1022 798 non
1058 758 1192 798 solum
1216 757 1414 807 homines,
1451 757 1525 797 sed
1561 755 1690 797 etiam

97 826 198 866 deos
223 824 479 866 immortales
509 824 563 864 ad
594 838 682 863 rem
712 824 920 878 publicam
953 823 1276 864 conservandam
1304 823 1487 863 arbitror
1519 836 1689 862 consen-

96 890 214 931 sisse.
277 889 373 931 Sive
407 889 517 930 enim
551 888 752 943 prodigiis
783 892 910 942 atque
946 887 1154 943 portentis
1190 887 1246 928 dii
1281 886 1539 927 immortales
1571 886 1689 926 nobis

95 955 238 996 futura
267 954 528 1009 praedicunt,
552 953 613 994 ita
641 963 739 994 sunt
768 957 913 1007 aperte
945 951 1216 1007 pronuntiata
1246 956 1295 993 ut
1323 956 1366 992 et
1393 951 1451 992 illi
1483 965 1616 1006 poena
1646 956 1690 992 et

94 1020 214 1060 nobis
244 1019 416 1059 libertas
451 1018 786 1073 appropinquet;
821 1017 907 1058 sive
942 1022 1089 1058 tantus
1121 1030 1348 1057 consensus
1384 1016 1568 1057 omnium
1601 1016 1689 1056 sine

95 1083 272 1138 impulsu
295 1084 467 1124 deorum
489 1097 581 1123 esse
601 1097 685 1123 non
705 1082 857 1137 potuit,
882 1081 982 1137 quid
1004 1086 1069 1122 est
1094 1081 1206 1136 quod
1228 1081 1279 1122 de
1300 1081 1516 1122 voluntate
1537 1081 1690 1122 caeles-

93 1148 198 1189 tium
220 1148 411 1189 dubitare
432 1147 667 1202 possimus?

154 1212 211 1254 V.
243 1212 466 1267 Reliquum
497 1218 574 1260 est,
606 1211 802 1264 Quirites,
833 1216 881 1252 ut
901 1226 974 1252 vos
1005 1211 1045 1252 in
1076 1211 1159 1253 ista
1188 1212 1398 1254 sententia
1433 1227 1558 1268 quam
1590 1228 1689 1268 prae

94 1278 212 1319 vobis
233 1278 352 1319 fertis
379 1277 665 1333 perseveretis.
730 1276 901 1317 Faciam
935 1277 1074 1331 igitur,
1098 1282 1146 1318 ut
1176 1277 1451 1332 imperatores
1481 1278 1690 1319 instructa

93 1342 183 1383 acie
204 1342 352 1391 solent,
378 1356 630 1396 quamquam
650 1341 938 1396 paratissimos
958 1342 1114 1382 milites
1133 1342 1188 1383 ad
1209 1342 1492 1396 praeliandum
1507 1342 1687 1391 videant,

94 1412 143 1448 ut
164 1421 235 1447 eos
256 1411 398 1447 tamen
418 1407 710 1455 adhortentur,
744 1405 803 1446 sic
827 1420 904 1460 ego
925 1420 998 1446 vos
1018 1407 1214 1446 ardentes
1245 1411 1288 1447 et
1310 1413 1473 1448 erectos
1493 1408 1545 1447 ad
1566 1407 1688 1448 liber-

93 1476 227 1512 tatem
248 1471 576 1525 recuperandam
608 1470 872 1511 cohortabor.
936 1470 1031 1510 Non
1053 1476 1117 1511 est
1137 1471 1267 1520 vobis,
1292 1471 1488 1523 Quirites,
1514 1486 1609 1512 cum
1640 1486 1688 1512 eo

93 1536 215 1575 hoste
237 1539 449 1575 certamen
471 1549 651 1588 quocum
681 1534 819 1588 aliqua
850 1534 963 1588 pacis
994 1534 1178 1575 conditio
1211 1550 1302 1575 esse
1333 1537 1478 1590 possit.
1542 1536 1689 1590 Neque

93 1599 201 1640 enim
231 1598 298 1638 ille
330 1598 578 1639 servitutem
598 1603 783 1639 vestram
814 1603 863 1639 ut
895 1603 1032 1647 antea,
1057 1599 1131 1638 sed
1157 1599 1246 1652 jam
1281 1600 1412 1640 iratus
1443 1601 1688 1656 sanguinem

92 1662 343 1718 concupivit.
406 1662 556 1703 Nullus
589 1662 626 1703 ei
658 1662 782 1702 ludus
819 1662 985 1703 videtur
1020 1677 1111 1703 esse
1139 1663 1361 1717 jucundior
1393 1679 1516 1719 quam
1550 1680 1685 1715 cruor,

91 1742 214 1783 quam
237 1728 397 1775 caedes,
426 1742 552 1781 quam
579 1731 680 1768 ante
712 1727 854 1768 oculos
885 1726 1112 1767 trucidatio
1141 1727 1305 1768 civium.
1368 1729 1463 1770 Non
1485 1735 1550 1771 est
1571 1731 1688 1771 vobis

91 1807 170 1841 res,
195 1791 392 1844 QuiriteS,
417 1806 512 1832 cum
534 1792 737 1833 scelerato
760 1791 927 1832 homine
949 1797 1076 1846 atque
1098 1792 1268 1838 nefario,
1292 1793 1365 1833 sed
1394 1809 1488 1834 cum
1519 1795 1687 1835 immani

91 1862 314 1911 taetraque
347 1856 494 1905 bellua,
533 1871 639 1911 quae
675 1856 871 1911 quoniam
906 1856 948 1896 in
979 1857 1141 1897 foveam
1173 1857 1331 1909 incidit,
1368 1860 1581 1901 obruatur.
1643 1860 1688 1900 Si

92 1922 202 1963 enim
241 1921 352 1961 illinc
390 1921 619 1976 emerserit„
657 1921 810 1963 nullius
845 1922 1035 1976 supplicii
1071 1922 1296 1963 crudelitas
1331 1924 1411 1965 erit
1442 1925 1686 1966 recusanda.

95 1986 180 2026 Sed
202 1990 381 2035 tenetur,
405 1986 620 2040 premitur,
645 1990 822 2041 urgetur
849 2001 958 2026 nunc
986 1986 1036 2026 iis
1065 1987 1195 2041 copiis
1217 2002 1320 2042 quas
1345 1989 1434 2042 jam
1455 1989 1684 2035 habemus;

91 2064 190 2090 mox
221 2049 282 2098 iis,
306 2063 410 2103 quas
437 2049 583 2103 paucis
614 2050 759 2091 diebus
789 2050 883 2091 novi
918 2050 1110 2092 consules
1137 2053 1454 2106 comparabunt.
1519 2054 1688 2095 Incum-

91 2113 179 2154 bite
208 2113 249 2153 in
278 2127 480 2163 caussam,
507 2113 702 2164 Quirites,
736 2118 784 2155 ut
810 2114 962 2155 facitis.
1025 2114 1262 2169 Numquam
1292 2117 1426 2170 major
1458 2131 1686 2159 consensus

91 2183 232 2219 vester
259 2177 301 2217 in
331 2177 414 2218 ulla
446 2191 596 2218 caussa
628 2177 720 2227 fuit,
743 2192 970 2233 numquam
1000 2188 1089 2219 tam
1110 2180 1376 2221 vehementer
1411 2195 1504 2221 cum
1535 2188 1686 2223 senatu

134 2314 192 2344 illa
219 2315 346 2353 infinita
371 2313 480 2352 hasla]
529 2312 626 2343 ‘Ille’
657 2313 684 2343 is
715 2313 801 2343 often
832 2323 867 2344 so

90 2356 168 2386 used
194 2360 228 2386 to
252 2357 341 2385 mark
364 2366 383 2385 a
407 2356 497 2395 thing
521 2356 752 2395 emphatically.
798 2356 868 2386 The

92 2398 219 2428 ‘hasta'
236 2408 289 2428 are
305 2398 448 2429 Caesar's
471 2399 625 2433 auctions,
642 2398 703 2428 and
728 2399 781 2428 the
804 2399 868 2428 sale

91 2441 127 2471 of
147 2441 202 2470 the
226 2446 374 2480 property
395 2441 430 2470 of
453 2440 513 2471 Cn.
537 2441 713 2480 Pompeius’
740 2441 866 2471 faction-

93 2483 132 2513 In
159 2484 247 2522 place
270 2483 305 2512 of
326 2483 490 2512 ‘donatio’
507 2493 525 2512 a
551 2494 571 2521 g
598 2487 611 2512 t
635 2483 713 2512 have
737 2483 866 2522 ‘damp-

92 2526 202 2555 natio.’
250 2525 340 2555 After
357 2528 364 2541 ⁴
379 2525 521 2554 intinita'
545 2526 585 2554 D.
604 2525 659 2555 has
682 2527 690 2541 ‘
704 2525 867 2565 Pornpeii‚'

93 2567 195 2596 which
226 2567 309 2596 word
340 2568 395 2596 has
426 2567 538 2597 caused
569 2567 622 2597 the
649 2568 752 2597 critics
782 2578 869 2598 some

93 2609 229 2645 trouble,
255 2609 303 2639 for
327 2610 352 2638 it
373 2619 434 2639 was
458 2609 601 2639 Caesar's
629 2610 758 2640 ‘hasta'
805 2611 869 2640 But

93 2652 149 2681 the
171 2652 320 2681 omission
343 2651 378 2681 of
398 2651 452 2681 the
475 2652 560 2681 word
583 2652 615 2681 in
633 2652 670 2682 V.
689 2653 796 2683 settles
812 2654 866 2684 the

94 2694 259 2732 difficulty.

127 2736 359 2775 familiamque
389 2736 470 2775 ejus]
530 2736 598 2766 Not
635 2740 764 2767 content
793 2738 868 2768 with

94 2779 222 2815 cursing
238 2779 396 2808 Antonius
413 2779 452 2808 he
468 2788 572 2808 curses
587 2779 627 2808 all
644 2779 692 2809 his
709 2779 870 2820 family.—

96 2824 104 2838 ¹
119 2821 268 2860 prodigiis
283 2826 378 2860 atque
402 2821 587 2860 portentisz’
612 2821 777 2852 Manutius
800 2833 870 2862 says

95 2863 166 2893 that
189 2873 230 2893 no
253 2864 373 2902 history
390 2873 423 2893 so
440 2864 486 2893 far
501 2873 535 2892 as
558 2863 599 2893 he
622 2863 731 2894 knows
746 2866 818 2895 tells
833 2875 870 2895 us

96 2905 196 2936 about
221 2906 311 2936 these
340 2906 457 2945 things.
505 2906 642 2946 Perhaps
670 2907 760 2937 there
789 2918 870 2938 were

911 2324 1005 2345 none.
1055 2315 1158 2345 There
1195 2316 1220 2346 is
1250 2326 1268 2346 a
1297 2317 1426 2357 reading
1457 2318 1684 2355 ‘denuntiata,’

912 2357 970 2386 but
1011 2359 1259 2397 ‘pronuntiata'
1292 2360 1317 2389 is
1358 2361 1413 2390 the
1442 2364 1512 2391 true
1544 2362 1683 2401 reading.

913 2400 1022 2429 Cicero
1039 2401 1206 2431 concludes
1230 2401 1309 2431 from
1327 2403 1381 2432 the
1400 2413 1509 2433 omens
1532 2404 1602 2434 that
1618 2406 1685 2435 An-

912 2442 1028 2472 tonius'
1054 2444 1257 2481 punishment
1280 2445 1341 2474 und
1366 2446 1448 2476 their
1471 2446 1584 2486 liberty
1606 2457 1686 2477 were

912 2494 996 2514 near.
1044 2485 1106 2515 But
1130 2487 1154 2515 it
1178 2496 1238 2516 was
1259 2488 1381 2527 exactly
1405 2489 1460 2518 the
1485 2489 1577 2518 other
1600 2500 1685 2529 wayg

912 2527 974 2556 and
998 2527 1053 2556 tho
1075 2538 1184 2558 omens
1208 2529 1363 2560 therefore
1379 2541 1459 2561 were
1482 2532 1582 2562 either
1597 2533 1684 2568 falso,

913 2579 948 2599 or
974 2569 1082 2609 fulsely
1103 2571 1305 2611 interpretod.
1352 2573 1461 2604 Cicero
1487 2575 1512 2603 is
1535 2576 1686 2614 speaking

913 2613 1079 2651 according
1094 2617 1126 2643 to
1142 2614 1196 2644 the
1212 2615 1343 2653 popular
1358 2617 1570 2655 superstition.

955 2657 984 2684 5.
1008 2659 1043 2685 ut
1057 2665 1108 2685 eos
1124 2679 1131 2686 .
1149 2679 1156 2686 .
1177 2679 1183 2686 .
1201 2658 1431 2695 adhortentur]
1478 2659 1556 2689 This
1572 2664 1687 2690 cannot

912 2697 1034 2735 depend
1060 2708 1100 2728 on
1128 2699 1282 2735 ‘fucinum'
1310 2700 1357 2729 for
1383 2701 1459 2730 then
1481 2702 1505 2731 it
1522 2703 1623 2731 would
1649 2703 1687 2731 be

915 2742 922 2755 ⁸
935 2739 1045 2769 facium
1071 2763 1078 2770 .
1097 2764 1104 2771 .
1123 2764 1130 2771 .
1155 2747 1191 2772 ut
1206 2742 1445 2779 adhortentur3'
1471 2744 1529 2773 but
1545 2750 1551 2760 ¹
1567 2745 1665 2773 solent
1678 2745 1684 2753 '

915 2786 999 2812 must
1025 2783 1063 2812 bc
1088 2784 1183 2814 taken
1207 2794 1241 2814 us
1266 2786 1444 2824 equivalent
1467 2791 1500 2816 to
1525 2787 1685 2816 ·faciunt.‘

916 2825 1180 2856 “Adher-tantur
1209 2828 1352 2857 nonnulli
1383 2839 1412 2858 v.
1442 2829 1462 2858 l.
1494 2829 1608 2869 quibus
1638 2839 1687 2858 us-

914 2867 1059 2897 sentior''
1078 2869 1281 2909 (Ferrarius).

957 2910 1063 2950 illinc]
1091 2911 1132 2941 D.
1159 2911 1273 2941 ‘illim’
1291 2912 1330 2942 V.
1350 2912 1456 2942 Halm.
