1816 3211
182 158 264 196 544
349 154 527 196 ORAT.
560 153 1069 196 PHILIPPIOARUM
1108 153 1292 193 LIBER
1323 153 1603 195 TERTIUS.

182 272 384 309 venerunt
414 268 633 323 corrogati‚
657 273 700 309 ct
730 268 896 323 quidem
928 266 1053 321 ampli
1086 266 1256 320 quidam
1287 265 1488 316 homines,
1520 267 1592 307 sed
1625 267 1765 308 imme-

181 348 318 374 mores
340 333 557 388 dignitatis
578 348 691 374 suae.
756 333 798 373 Is
819 333 926 373 enim
950 337 1040 372 erat
1068 332 1167 380 dies,
1191 345 1240 371 ea
1272 330 1393 379 fama,
1418 331 1452 371 is
1480 332 1547 385 qui
1576 337 1768 373 senatum

181 404 362 446 vocarat,
386 403 434 438 ut
454 403 575 451 turpe
597 397 780 438 senatori
809 401 920 436 esset
949 396 1048 435 nihil
1081 396 1241 436 timere.
1304 394 1374 435 Ad
1396 410 1468 436 eos
1495 400 1636 437 tamen
1657 397 1769 452 ipsos

183 463 251 516 qui
281 467 559 503 convenerant
588 476 638 501 ne
666 461 837 500 verbum
866 460 1030 514 quidem
1065 475 1190 500 ausus
1221 468 1287 500 est
1322 459 1459 500 facere
1492 460 1542 500 de
1576 460 1765 511 Caesare,

183 541 308 580 quum
330 527 379 566 de
401 541 449 565 eo
478 525 768 565 constituisset
801 525 853 564 ad
886 530 1078 565 senatum
1109 524 1276 565 referre.
1339 524 1549 578 Scriptam
1569 525 1770 566 attulerat

183 590 410 631 consularis
441 589 607 643 quidam
632 589 897 629 sententiam.
960 589 1069 640 Quid
1106 594 1170 630 est
1202 588 1312 629 aliud
1341 588 1390 629 de
1422 603 1470 628 eo
1502 589 1653 629 referre
1688 604 1770 630 non

181 656 347 705 audere,
372 654 442 709 qui
476 659 623 695 contra
656 668 701 694 se
735 654 945 694 consulem
977 653 1206 694 exercitum
1237 653 1422 702 duceret,
1450 653 1527 693 nisi
1560 668 1605 694 se
1637 654 1771 708 ipsum

182 720 345 761 hostem
362 719 579 774 judicare?
640 719 824 759 Necesse
845 724 936 759 erat
967 719 1078 760 enim
1108 719 1357 759 alterutrum
1381 733 1473 758 esse
1495 718 1671 768 hostem,
1695 733 1771 759 nec

182 788 348 839 poterat
382 784 504 825 aliter
539 783 588 823 de
623 783 869 824 adversariis
900 783 1083 837 judicari
1119 782 1305 823 ducibus.
1378 782 1422 823 Si
1454 783 1582 838 igitur
1619 777 1772 824 Caesar

182 849 328 899 hostis,
353 863 425 889 cur
447 849 604 889 consul
622 847 722 888 nihil
749 849 904 889 referat
936 849 990 889 ad
1022 849 1240 889 senatum?
1303 847 1375 888 Sin
1397 847 1463 888 ille
1485 862 1509 888 a
1531 852 1680 889 senatu
1701 862 1773 888 no-

182 914 335 955 tandus
355 928 436 953 non
472 913 563 961 fuit,
597 912 694 967 quid
727 917 870 967 potest
904 913 1041 953 dicere
1063 912 1174 967 quin,
1199 927 1326 967 quum
1348 912 1398 952 de
1419 913 1486 953 illo
1510 912 1703 962 tacuerit,
1726 926 1771 952 se

183 978 348 1019 hostem
371 978 584 1018 confessus
605 977 689 1017 sit?
751 977 883 1028 Quem
916 977 957 1017 in
990 977 1137 1018 edictis
1169 977 1420 1030 Spartacum
1444 977 1639 1031 appellat,
1662 977 1771 1017 hunc

182 1041 224 1082 in
251 1047 400 1083 senatu
431 1057 481 1082 ne
515 1041 751 1096 improbum
782 1041 949 1096 quidem
980 1041 1116 1082 dicere
1149 1041 1290 1082 audet.
1353 1041 1440 1082 IX.
1473 1042 1536 1082 At
1571 1041 1612 1081 in
1646 1042 1772 1082 rebus

182 1106 432 1148 tristissimis
467 1111 648 1160 quantos
688 1106 844 1146 excitat
886 1106 1008 1146 risus.
1072 1105 1355 1146 Sententiolas
1388 1106 1512 1146 edicti
1556 1107 1771 1160 cujusdam

180 1171 403 1212 memoriae
425 1170 627 1219 mandavi,
651 1184 755 1224 quas
776 1170 939 1210 videtur
972 1170 1038 1210 ille
1071 1175 1292 1224 peracutas
1321 1174 1496 1224 putare:
1533 1184 1609 1224 ego
1630 1175 1772 1210 autem

182 1236 252 1289 qui
282 1235 534 1289 intelligeret
563 1234 661 1289 quid
695 1234 831 1275 dicere
859 1234 983 1274 vellet
1010 1234 1144 1275 adhuc
1172 1233 1380 1274 neminem
1411 1234 1560 1274 inveni.
1624 1233 1773 1274 ‘Nulla

183 1299 433 1340 contumelia
455 1304 521 1340 est
542 1313 664 1353 quam
685 1299 785 1339 facit
807 1298 984 1354 dignus?
1048 1298 1235 1339 Primum
1253 1298 1351 1352 quid
1373 1304 1438 1339 est
1461 1298 1651 1352 Dignus?
1675 1313 1773 1339 nam

181 1364 309 1405 etiam
329 1364 438 1403 malo
462 1363 576 1418 digni
598 1363 729 1412 multi,
753 1363 861 1404 sicut
882 1364 984 1418 ipse.
1045 1363 1116 1403 An
1138 1377 1262 1418 quam
1282 1362 1384 1403 facit
1414 1363 1450 1403 is
1477 1363 1547 1417 qui
1569 1377 1662 1403 cum
1683 1363 1770 1418 dig-

181 1428 314 1469 nitate
336 1429 426 1469 est?
457 1443 562 1483 quae
583 1433 724 1469 autem
746 1432 888 1483 potest
909 1443 1000 1469 esse
1017 1429 1179 1482 major?
1240 1428 1349 1479 Quid
1369 1432 1436 1469 est
1456 1443 1591 1482 porro,
1612 1428 1771 1469 Facere

182 1493 503 1534 contumeliam?
534 1493 625 1547 quis
658 1493 717 1533 sic
746 1493 958 1547 loquitur?
1017 1493 1206 1534 Deinde:
1243 1492 1356 1533 ‘Nec
1385 1492 1511 1534 timor
1543 1507 1666 1547 quem
1701 1493 1769 1533 de-

181 1558 348 1599 nuntiat
378 1557 593 1598 inimicus?
656 1557 766 1609 Quid
797 1559 925 1612 ergo?
954 1558 1008 1598 ab
1043 1557 1177 1598 amico
1213 1557 1339 1598 timor
1375 1557 1609 1598 denuntiari
1637 1557 1770 1597 solet?

184 1622 348 1662 Horum
369 1622 516 1662 similia
538 1622 745 1676 deinceps.
808 1622 958 1663 Nonne
979 1621 1112 1663 satius
1134 1626 1200 1662 est
1219 1626 1380 1662 mutum
1401 1636 1493 1662 esse
1515 1635 1637 1676 quam
1659 1621 1769 1675 quod

181 1701 302 1727 nemo
324 1686 532 1741 intelligat
560 1687 722 1727 dicere?
782 1686 863 1736 En,
888 1701 961 1727 cur
990 1685 1191 1740 magister
1224 1686 1314 1739 ejus
1346 1701 1396 1725 ex
1429 1690 1594 1726 oratore
1626 1690 1769 1725 arator

181 1752 318 1791 factus
339 1750 405 1800 sit,
429 1750 642 1804 possideat
672 1750 713 1790 in
733 1764 836 1804 agro
861 1749 1028 1804 publico
1056 1749 1190 1803 campi
1222 1748 1415 1790 Leontini
1444 1750 1525 1790 duo
1546 1749 1673 1789 millia
1699 1751 1769 1804 ju-

181 1830 327 1868 gerum
343 1815 554 1863 immunia,
569 1819 618 1855 ut
632 1813 840 1853 hominem
857 1813 1073 1867 stupidum
1090 1814 1222 1868 magis
1240 1813 1364 1854 etiam
1382 1814 1557 1854 infatuet
1577 1815 1768 1855 mercede

182 1879 361 1934 publica.
424 1878 507 1918 Sed
535 1879 637 1918 haec
669 1878 823 1919 leviora
859 1879 1065 1919 fortasse:
1100 1878 1199 1918 illud
1230 1893 1396 1932 quaem,
1427 1893 1500 1918 cur
1521 1883 1610 1919 tam
1629 1879 1768 1919 subito

182 1948 426 1984 mansuetus
447 1942 488 1982 in
510 1948 657 1984 senatu
679 1942 813 1992 fuerit,
839 1957 965 1997 quum
986 1943 1027 1982 in
1049 1943 1199 1983 edictis
1219 1948 1307 1983 tam
1323 1943 1434 1983 ferus
1455 1942 1615 1983 fuisset.
1660 1943 1769 1994 Quid

184 2008 293 2049 enim
313 2007 544 2048 attinuerat
575 2007 622 2047 L.
646 2006 802 2056 Cassio,
830 2007 998 2048 tribuno
1027 2007 1159 2062 plebis
1192 2006 1419 2048 fortissimo
1447 2011 1491 2048 et
1517 2007 1769 2048 constantis-

226 2144 364 2184 rqferat]
406 2145 446 2174 V.
500 2143 632 2174 ‘refert'
664 2145 705 2174 D.
757 2145 933 2175 ‘referebat
945 2144 952 2158 '

185 2187 292 2217 Halm.
303 2205 346 2209 —
359 2191 366 2204 ‘
380 2188 562 2226 Spartacum
577 2186 596 2215 :’
620 2187 675 2216 the
697 2187 860 2226 gladiator,
884 2189 953 2217 who

184 2230 303 2259 headed
319 2230 374 2259 the
389 2230 488 2259 slaves
511 2229 543 2258 in
564 2229 618 2259 the
635 2229 752 2259 Servile
767 2230 855 2260 War.
896 2231 954 2260 See

186 2272 297 2308 Index,
315 2272 385 2301 Vol.
402 2273 421 2301 i.

228 2316 258 2344 9.
283 2315 365 2343 malo
382 2313 487 2352 diqm']
516 2316 523 2329 ‘
536 2313 655 2352 worthy
671 2313 706 2342 of
726 2314 953 2352 punishment.’

186 2356 295 2385 Cicero
320 2366 426 2385 means
453 2356 521 2385 that
545 2356 676 2394 ‘dignus
690 2355 698 2369 ’
714 2357 805 2386 alone
821 2367 954 2396 conveys

185 2408 227 2428 no
243 2398 324 2427 clear
347 2399 493 2436 meaning
513 2398 544 2427 in
569 2398 624 2427 the
649 2401 656 2414 ‘
670 2399 878 2429 sententiola.’
926 2400 959 2429 If

185 2441 240 2470 the
265 2444 272 2457 ⁴
284 2440 489 2470 contumelia’
515 2440 541 2469 is
562 2441 643 2470 done
658 2441 699 2479 by
715 2452 775 2470 one
792 2445 798 2458 ‘
814 2442 866 2481 qui
883 2452 954 2471 cum

187 2483 339 2521 dignitate
352 2482 420 2517 est,'
438 2482 479 2521 by
495 2492 513 2511 a
529 2493 600 2511 man
617 2483 685 2511 who
702 2484 757 2512 has
773 2485 875 2517 merit.
889 2485 914 2514 it
929 2485 954 2514 is

187 2535 221 2554 so
238 2525 330 2554 much
350 2525 404 2554 the
425 2534 521 2554 worse
547 2525 593 2554 for
618 2525 682 2554 him
705 2529 737 2555 to
762 2527 864 2556 whom
889 2527 954 2557 itis

187 2567 279 2603 done,
302 2567 433 2596 because
459 2567 513 2596 the
543 2568 701 2597 character
724 2568 759 2597 of
790 2569 854 2598 him
884 2569 954 2599 who

187 2610 261 2639 does
285 2610 309 2639 it
330 2609 435 2638 makes
457 2609 510 2638 the
535 2610 761 2639 ‘contumelia'
786 2621 901 2650 appear
922 2615 955 2641 to

186 2652 225 2681 be
241 2662 259 2681 a
274 2661 388 2691 proper
404 2652 617 2690 punishment.
665 2658 671 2668 ¹
685 2652 763 2682 Cum
781 2653 933 2691 dignitate
946 2654 953 2667 '

186 2695 212 2724 is
223 2695 285 2723 like
301 2695 354 2723 the
371 2694 548 2732 expression
563 2696 570 2708 ‘
583 2704 652 2723 cum
669 2696 846 2732 potestate,’
864 2698 872 2712 ‘
884 2707 955 2725 cuni

187 2737 340 2775 imperio.'
388 2737 561 2768 Quintilian
584 2737 639 2775 (ix.
657 2736 690 2774 3)
713 2737 768 2766 has
791 2748 809 2767 a
833 2739 956 2767 remark

186 2789 226 2809 on
245 2783 251 2795 ‘
265 2780 366 2809 facere
381 2778 624 2818 contumeliam!
671 2779 721 2808 He
741 2790 821 2818 says,
840 2783 858 2796 ‘⁶
872 2781 955 2810 Nam

187 2823 320 2861 receptis
347 2822 440 2851 etiam
465 2822 558 2859 vulgo
588 2823 713 2850 auctore
740 2823 878 2852 contenti
905 2833 955 2852 su-

186 2875 268 2894 mus.
313 2865 359 2894 Ut
387 2874 470 2893 nunc
503 2864 618 2893 evaluit
649 2864 742 2894 rebus
779 2867 954 2903 ayentibns,

999 2146 1083 2185 quod
1109 2145 1207 2176 Pollio
1234 2145 1267 2175 in
1295 2145 1434 2175 Labieno
1461 2145 1610 2175 damnat:
1638 2146 1670 2174 et
1695 2153 1768 2174 con-

1000 2189 1162 2218 tumeliam
1169 2188 1267 2226 fecit,
1284 2188 1368 2227 quod
1384 2198 1402 2217 a
1419 2187 1568 2218 Cicerone
1583 2186 1770 2226 reprehendi

999 2235 1109 2260 notum
1132 2234 1201 2260 est:
1227 2233 1235 2247 ⁴
1253 2232 1337 2270 affici
1359 2230 1442 2260 enim
1467 2231 1657 2260 contumelia
1686 2230 1769 2259 dice-

998 2273 1098 2303 bant.’
1111 2273 1131 2287 ''

1042 2315 1170 2354 arator]
1220 2315 1278 2345 See
1298 2315 1369 2344 Vol.
1401 2315 1421 2344 i.
1440 2314 1551 2351 Index,
1576 2313 1769 2344 ‘Aratoress

1001 2358 1052 2387 He
1068 2368 1175 2387 means
1191 2357 1360 2387 Antonius’
1385 2357 1521 2387 rhetoric
1542 2360 1667 2393 master,
1697 2356 1768 2386 Sex.

1000 2400 1139 2436 Clodius,
1158 2400 1226 2429 who
1253 2410 1314 2429 was
1336 2409 1370 2429 so
1396 2400 1466 2429 well
1491 2399 1561 2439 paid
1588 2403 1620 2428 to
1647 2399 1737 2428 make
1752 2408 1770 2428 a

999 2446 1122 2482 greater
1136 2442 1200 2471 fool
1216 2442 1250 2471 of
1273 2442 1430 2472 Antonius
1447 2445 1479 2471 at
1494 2442 1547 2471 the
1571 2442 1677 2481 public
1703 2444 1770 2470 eost

1001 2485 1170 2524 (‘infatuet
1193 2485 1335 2514 mercede
1351 2484 1518 2524 publica’).
1573 2484 1684 2522 Comp.
1709 2484 1770 2513 Pro

1001 2528 1121 2561 Flacco,
1139 2538 1164 2556 c.
1186 2528 1233 2561 19,
1249 2527 1310 2556 and
1327 2527 1382 2556 the
1397 2530 1480 2557 notc.

1043 2571 1083 2600 L.
1105 2570 1226 2608 Cassio]
1276 2569 1333 2599 See
1361 2569 1440 2598 Phil.
1468 2569 1489 2599 i.
1505 2579 1531 2598 c.
1559 2570 1608 2605 15,
1636 2568 1697 2598 and
1716 2568 1769 2597 the

1000 2616 1075 2641 note
1091 2622 1132 2641 on
1161 2614 1168 2627 ⁴
1182 2611 1304 2641 duobus
1326 2612 1459 2641 tribunis
1485 2611 1540 2650 pl.'
1588 2611 1625 2640 L.
1644 2610 1768 2641 Cassius

1000 2665 1062 2684 was
1086 2655 1140 2683 the
1166 2654 1294 2683 brother
1317 2654 1353 2683 of
1372 2654 1408 2684 C.
1437 2653 1625 2683 Cassius—⁴
1640 2655 1767 2682 conten-

1001 2697 1138 2727 tionibus
1151 2695 1170 2725 :⁷
1196 2699 1202 2712 ‘
1214 2696 1411 2726 contionibus
1423 2700 1455 2725 et
1468 2706 1559 2735 saepe
1571 2699 1602 2725 et
1610 2695 1679 2733 jure
1694 2703 1767 2723 con-

1001 2739 1226 2778 tentionibusq.
1271 2737 1418 2768 vexatus'
1460 2738 1500 2768 V.
1546 2737 1683 2775 Perhaps
1723 2746 1769 2765 we

1002 2782 1114 2811 should
1129 2782 1203 2811 read
1220 2783 1227 2797 ‘
1243 2781 1441 2811 contionibus
1454 2779 1461 2793 '
1477 2781 1510 2809 in
1526 2780 1612 2818 place
1627 2778 1662 2808 of
1676 2781 1683 2795 ‘
1693 2788 1767 2808 con-

1001 2823 1210 2854 tentionibus'
1226 2824 1259 2853 in
1275 2823 1329 2853 the
1344 2826 1413 2853 text
1427 2823 1462 2852 of
1474 2822 1591 2852 Cicero.
