1816 3211
692 175 826 218 GAP.
857 178 1012 219 9—11.
1558 181 1639 225 667

44 288 181 330 sciens
201 293 250 330 ut
276 288 568 330 honestissime
601 303 767 344 possem
799 304 1036 344 exsurgere.
1100 289 1335 331 Possumne
1369 291 1500 346 igitur
1533 293 1638 334 satis

44 353 173 395 videri
195 361 356 405 cautus,
380 355 484 396 satis
504 354 713 409 providus,
735 355 770 395 si
790 369 857 396 me
877 355 973 396 huic
994 354 1135 396 itineri
1165 360 1254 397 tam
1286 356 1440 398 infesto
1465 362 1637 412 tamque

41 418 277 472 periculoso
313 419 585 461 commisero?
645 419 831 460 Gloriam
858 419 901 459 in
926 424 1063 461 morte
1094 420 1248 462 debent
1268 420 1296 461 ii
1317 422 1386 476 qui
1408 421 1450 461 in
1470 436 1515 462 re
1535 423 1637 477 pub-

41 483 122 524 lica
152 488 384 532 versantur,
422 498 505 524 non
537 483 682 539 culpae
711 484 1078 539 reprehensionem
1113 490 1156 526 et
1187 485 1395 527 stultitiae
1429 487 1638 542 vitupera-

41 548 201 589 tionem
228 549 472 603 relinquere.
534 549 638 600 Quis
669 550 802 590 bonus
829 563 914 589 non
943 549 1061 604 luget
1090 555 1269 591 mortem
1291 551 1513 592 Trebonii?
1544 552 1637 607 quis

41 627 125 653 non
146 613 261 654 dolet
281 613 496 654 interitum
517 613 612 654 talis
633 620 676 654 et
697 614 798 654 civis
818 618 862 654 et
882 614 984 654 viri?
1044 615 1107 655 At
1127 620 1225 656 sunt
1255 615 1325 669 qui
1358 616 1511 666 dicant,
1534 617 1637 657 dure

40 676 98 716 illi
120 676 296 731 quidem,
321 678 394 717 sed
414 682 557 717 tamen
579 677 735 726 dicunt,
758 677 896 718 minus
926 678 1150 718 dolendum
1171 679 1282 733 quod
1303 680 1355 720 ab
1376 679 1541 721 homine
1562 680 1636 720 im-

40 755 145 796 puro
175 741 414 796 nefarioque
444 755 528 781 non
559 741 729 783 caverit.
792 741 964 782 Etenim
996 742 1066 796 qui
1093 742 1319 783 multorum
1351 746 1571 786 custodem
1591 761 1636 787 se

39 806 300 861 profiteatur,
323 820 417 846 eum
438 805 652 860 sapientes
673 805 736 845 sui
757 805 937 860 primum
968 806 1119 860 capitis
1146 807 1265 848 aiunt
1295 809 1512 850 custodem
1544 824 1636 851 esse

40 875 248 926 oportere.
309 871 447 922 Quum
481 874 628 924 septus
655 869 712 910 sis
733 870 895 925 legibus
917 874 960 911 et
975 871 1230 924 judiciorum
1263 877 1392 922 metu,
1423 888 1507 913 non
1538 880 1638 915 sunt

39 935 176 976 omnia
195 935 382 976 timenda
401 949 537 990 neque
557 935 611 975 ad
632 949 776 975 omnes
797 934 969 975 insidias
989 935 1198 989 praesidia
1219 938 1470 991 quaerenda.
1533 939 1637 990 Quis

38 1000 150 1041 enim
180 1001 336 1041 audeat
369 1000 465 1050 luci,
498 1001 591 1055 quis
623 1001 666 1041 in
698 1000 868 1041 militari
889 1000 967 1051 via,
1001 1001 1094 1056 quis
1121 1002 1226 1042 bene
1255 1002 1511 1053 comitatum,
1545 1005 1638 1058 quis

37 1064 240 1106 illustrem
270 1066 472 1121 aggredi?
533 1065 653 1107 Haec
687 1080 821 1121 neque
851 1066 932 1107 hoc
962 1071 1151 1120 tempore
1178 1081 1313 1122 neque
1334 1067 1376 1108 in
1396 1082 1463 1109 me
1483 1069 1636 1110 valent.

39 1129 136 1170 Non
155 1131 280 1171 modo
310 1129 420 1171 enim
441 1145 619 1185 poenam
639 1145 723 1171 non
744 1130 994 1172 extimescet
1014 1130 1085 1186 qui
1105 1131 1204 1172 mihi
1226 1132 1306 1172 vim
1336 1133 1538 1184 attulerit,
1562 1135 1636 1175 sed

39 1194 166 1235 etiam
186 1194 360 1249 gloriam
381 1195 566 1249 sperabit
585 1209 610 1235 a
630 1195 841 1236 latronum
861 1195 1062 1250 gregibus
1083 1200 1128 1236 et
1148 1196 1349 1250 praemia.

98 1258 186 1300 XI.
219 1259 342 1299 Haec
363 1273 440 1314 ego
462 1259 503 1299 in
524 1260 627 1299 urbe
647 1259 869 1313 provideo:
904 1259 1037 1299 facilis
1069 1264 1136 1300 est
1168 1260 1497 1315 circumspectus
1526 1263 1636 1304 unde

38 1337 197 1372 exeam,
235 1338 316 1378 quo
348 1323 603 1378 progrediar,
637 1323 736 1378 quid
767 1323 822 1363 ad
855 1323 1059 1373 dextram,
1096 1324 1195 1379 quid
1227 1325 1280 1365 ad
1312 1325 1525 1366 sinistram
1565 1327 1635 1368 sit.

39 1387 152 1429 Num
173 1388 282 1429 idem
298 1388 339 1428 in
357 1388 598 1443 Appennini
619 1388 859 1428 tramitibus
880 1389 1016 1429 facere
1037 1391 1212 1444 potero?
1242 1390 1283 1429 in
1306 1390 1455 1444 quibus
1471 1391 1635 1433 etiamsi

36 1468 122 1494 non
142 1458 265 1494 erunt
286 1453 473 1502 insidiae,
504 1467 609 1507 quae
630 1452 821 1493 facillime
842 1467 933 1494 esse
953 1458 1164 1507 poterunt,
1195 1454 1358 1495 animus
1391 1460 1532 1495 tamen
1555 1457 1635 1497 erit

36 1517 238 1558 sollicitus
258 1522 306 1559 ut
326 1518 427 1558 nihil
448 1517 582 1572 possit
603 1517 654 1557 de
676 1517 823 1558 officiis
853 1518 1079 1572 legationis
1105 1519 1340 1559 attendere.
1404 1518 1488 1560 Sed
1509 1520 1635 1576 effugi

37 1581 222 1631 insidias,
257 1582 425 1637 perrupi
462 1581 772 1636 Appenninum.
863 1582 1025 1637 Nempe
1065 1582 1106 1623 in
1140 1583 1317 1624 Antonii
1363 1598 1634 1639 congressum

38 1646 370 1701 colloquiumque
409 1646 657 1687 veniendum
693 1650 771 1687 est.
834 1646 1014 1698 Quinam
1045 1647 1161 1688 locus
1194 1647 1408 1702 capietur?
1441 1648 1486 1689 Si
1513 1654 1635 1690 extra

37 1716 188 1760 castra,
214 1711 344 1751 ceteri
366 1711 570 1752 viderint:
605 1724 681 1764 ego
711 1715 889 1751 mortem
915 1716 1105 1752 actutum
1135 1712 1319 1752 futuram
1347 1718 1464 1767 puto.
1527 1714 1635 1755 Novi

37 1775 216 1815 hominis
264 1775 457 1825 furorem,
509 1775 606 1816 novi
655 1775 900 1816 effrenatam
939 1775 1193 1818 violentiam.
1256 1776 1387 1831 Cujus
1427 1779 1635 1820 acerbitas

37 1854 198 1880 morum
228 1839 549 1894 immanitasque
579 1843 753 1880 naturae
774 1854 825 1879 ne
847 1838 942 1880 vino
972 1839 1141 1894 quidem
1169 1841 1375 1894 permixta
1409 1844 1634 1897 temperari

35 1905 156 1953 solet,
198 1904 265 1945 hic
304 1904 366 1945 ira
405 1904 695 1958 dementiaque
737 1903 1032 1954 inflammatus,
1075 1905 1265 1946 adhibito
1315 1906 1446 1946 fratre
1490 1906 1632 1959 Lucio,

36 1968 279 2010 taeterrima
311 1969 459 2018 bellua,
482 1983 711 2022 numquam
735 1969 924 2023 profecto
945 1983 970 2009 a
990 1984 1056 2010 me
1076 1970 1303 2025 sacrilegas
1332 1985 1479 2011 manus
1506 1977 1634 2027 atque

36 2033 185 2088 impias
205 2032 446 2073 abstinebit.
509 2032 685 2072 Memini
718 2032 922 2086 colloquia
948 2038 992 2074 et
1020 2048 1115 2074 cum
1142 2035 1357 2075 acerrimis
1378 2035 1570 2076 hostibus
1590 2047 1634 2080 et

37 2112 130 2138 cum
151 2097 394 2152 gravissime
416 2096 758 2137 dissentientibus
779 2096 951 2138 civibus.
1013 2096 1089 2138 Gn.
1114 2098 1351 2153 Pompeius,
1371 2099 1489 2140 Sexti
1511 2100 1631 2150 filins,

38 2162 194 2212 consul,
223 2176 290 2202 me
316 2165 550 2216 praesente,
583 2175 710 2215 quum
740 2175 876 2201 essem
906 2161 987 2202 tiro
1021 2162 1062 2201 in
1096 2163 1188 2216 ejus
1216 2163 1416 2212 exercitu,
1452 2178 1547 2204 cum
1580 2165 1630 2207 P.

854 2288 934 2318 from
961 2288 1151 2326 conjecture.
1198 2289 1308 2320 Cicero
1335 2299 1435 2320 seems
1462 2293 1495 2320 to
1521 2291 1632 2321 intend

37 2299 129 2329 poses
146 2288 412 2320 ‘circumclusus'
457 2288 526 2318 The
538 2288 622 2317 word
640 2288 747 2318 ‘lectis
759 2288 766 2301 ’
784 2288 810 2318 is

854 2334 888 2360 to
904 2331 999 2369 speak
1017 2331 1048 2360 in
1065 2335 1210 2369 stronger
1227 2336 1334 2361 ternis.

38 2332 196 2362 doubtful.
244 2332 339 2361 Halm
357 2341 507 2370 proposes
524 2335 531 2347 ‘
546 2330 688 2360 infestis!

85 2376 134 2404 ll.
153 2374 323 2413 provideo]
347 2374 454 2408 Halm,
469 2378 476 2389 ⁴
489 2373 653 2412 providero
667 2372 673 2385 '
689 2372 718 2402 b.
742 2372 811 2402 Tho

38 2416 130 2446 other
144 2416 274 2455 reading
295 2417 320 2445 is
337 2419 344 2432 ‘
359 2414 545 2455 praevideo!
591 2415 694 2445 These
710 2415 810 2444 words

37 2468 91 2488 are
111 2459 197 2488 often
221 2458 486 2488 confounded.—‘
500 2457 578 2486 nihil
591 2481 596 2487 .
611 2479 617 2486 .
630 2479 636 2486 .
650 2457 688 2486 de
704 2457 812 2487 officiis

39 2523 47 2530 .
67 2523 74 2530 .
92 2522 100 2530 .
117 2501 280 2530 attendere
292 2500 311 2529 :’
336 2501 444 2530 Cicero
461 2510 532 2529 uses
554 2503 561 2516 ⁴
575 2499 760 2535 attendere,'
780 2503 812 2529 to

37 2543 147 2573 attend
170 2546 215 2578 to,
242 2543 274 2572 in
300 2543 421 2572 various
448 2552 539 2580 ways.
588 2542 638 2571 lle
664 2552 734 2580 says
765 2542 811 2571 ‘si

37 2585 158 2624 reliqua
189 2585 381 2620 attendetis,'
407 2585 468 2614 and
495 2585 667 2613 ‘attendite
691 2585 812 2614 animos

37 2628 77 2658 ad
93 2627 152 2663 ea,'
171 2627 230 2656 Pro
248 2627 391 2662 Quintio,
409 2637 434 2656 c.
452 2629 504 2661 25,
521 2627 581 2655 and
600 2627 653 2655 the
670 2631 753 2656 note.

84 2671 149 2699 Sed
164 2670 277 2708 effzeyi]
330 2673 336 2685 ⁸
352 2670 413 2698 But
430 2679 566 2708 suppose
582 2669 651 2698 that
669 2669 681 2697 1
700 2679 809 2708 escape

38 2712 266 2742 ambuscades!
314 2712 345 2741 lt
360 2712 385 2741 is
402 2712 546 2750 literally,
564 2715 570 2728 ⁴
587 2711 681 2747 well,
701 2712 714 2741 1
733 2711 810 2741 have

38 2753 193 2793 escaped!

81 2800 215 2826 mortem
231 2798 375 2825 actutum
384 2796 556 2835 suturam]
605 2798 612 2811 ⁴
627 2805 677 2825 me
694 2796 742 2825 vix
760 2798 809 2825 tu-

37 2841 107 2869 tum
125 2839 263 2868 futurum
281 2838 287 2849 '
307 2837 446 2878 (Halm).
465 2838 534 2867 who
552 2838 658 2867 makes
680 2837 742 2867 this
766 2848 808 2877 np

38 2881 141 2924 partly
154 2884 210 2912 out
221 2881 257 2910 of
269 2881 322 2912 the
335 2881 457 2911 various
473 2880 616 2921 readings
628 2880 689 2910 and
706 2882 809 2921 partly

902 2373 957 2403 C'n.
976 2374 1163 2413 Pompeius]
1211 2374 1280 2404 The
1300 2375 1401 2404 father
1424 2375 1460 2405 of
1482 2376 1630 2413 Magnus,

854 2415 924 2444 who
951 2416 1159 2446 commanded
1186 2417 1218 2446 in
1245 2418 1299 2447 the
1328 2418 1428 2447 Social
1453 2428 1489 2448 or
1514 2419 1631 2448 Marsic

856 2467 928 2486 war.
979 2458 1028 2487 lle
1048 2468 1110 2488 was
1134 2460 1243 2489 consul
1268 2460 1299 2489 in
1324 2470 1388 2490 n.c.
1411 2462 1462 2491 89.
1510 2461 1631 2498 Cicero,

857 2510 890 2529 as
915 2500 954 2529 he
975 2501 1046 2530 tells
1062 2511 1110 2536 us,
1134 2512 1195 2531 was
1213 2502 1287 2531 then
1304 2513 1322 2532 a
1338 2513 1443 2542 young
1459 2504 1573 2532 soldier
1598 2504 1629 2532 in

859 2542 1036 2581 Pompeius'
1051 2554 1149 2583 army.
1192 2544 1337 2574 Plutarch
1351 2556 1421 2584 says
1438 2546 1505 2575 that
1520 2547 1630 2575 Cicero

858 2586 996 2614 “served
1022 2586 1053 2615 in
1081 2586 1134 2615 the
1160 2597 1246 2626 army
1269 2588 1369 2616 under
1394 2589 1490 2621 Sulla.
1519 2589 1550 2617 in
1576 2589 1630 2618 the.

856 2627 974 2657 Marsic
998 2628 1090 2657 war’'
1113 2628 1249 2666 (Cicero,
1274 2640 1299 2659 e..
1329 2630 1385 2665 8);
1410 2630 1465 2660 but
1493 2630 1531 2659 he
1558 2641 1629 2668 may

854 2669 893 2699 be
906 2670 1060 2700 mis-taken
1074 2670 1171 2701 about
1185 2673 1336 2702 Sulln.—¹
1351 2674 1486 2701 Scatone
1501 2673 1518 2701 :¹
1538 2673 1627 2701 codd.

855 2712 1018 2742 Manutius
1045 2714 1117 2743 read
1143 2719 1149 2730 ⁸
1165 2714 1308 2748 Catone‚'
1333 2725 1373 2743 on
1399 2715 1452 2743 the
1471 2715 1627 2752 authority

854 2754 888 2783 of
901 2755 1025 2794 Appian
1043 2756 1097 2794 (13.
1111 2756 1147 2786 C.
1162 2757 1181 2786 i.
1196 2757 1250 2796 40)
1268 2757 1329 2786 and
1347 2757 1484 2786 Velleius
1500 2757 1543 2795 gii.
1565 2756 1626 2794 115).

857 2796 951 2826 Halm
968 2798 1064 2828 refers
1081 2802 1114 2828 to
1131 2799 1184 2828 the
1206 2799 1255 2828 De
1275 2800 1386 2833 Domo,
1412 2810 1437 2829 c.
1458 2802 1507 2832 44,
1525 2798 1628 2828 where

854 2839 908 2870 the
924 2850 1016 2870 name
1031 2844 1038 2858 ¹
1053 2842 1219 2871 Scatonem
1233 2841 1240 2853 '
1257 2852 1375 2871 occurs.
