1816 3211
36 206 119 248 376
365 201 542 243 ORAT.
577 200 696 241 PRO
730 200 779 241 T.
813 198 1008 240 ANNIO
1043 197 1298 239 MILONE.

31 318 208 374 judices,
232 321 281 358 ut
311 316 352 357 in
384 315 603 357 sententiis
624 313 803 355 ferendis
825 313 936 368 quod
958 310 1151 353 sentietis
1182 310 1223 351 id
1254 311 1458 353 audeatis.
1522 312 1628 354 Ves-

36 389 148 424 tram
168 382 378 432 virtutem,
407 380 631 435 justitiam,
656 379 792 428 fidem,
816 377 916 417 mihi
949 376 1118 425 credite,
1142 376 1177 416 is
1207 376 1387 418 maxime
1418 378 1625 432 probabit,

39 448 109 503 qui
131 448 170 488 in
188 447 397 501 judicibus
419 444 605 500 legendis
627 443 830 498 optimum
853 447 896 483 et
918 440 1271 496 sapientissimum
1293 445 1335 481 et
1356 441 1629 483 fortissimum

38 527 244 568 quemque
266 511 402 564 elegit.

856 596 893 626 T.
913 596 956 625 H.
1002 596 1071 626 The
1086 595 1177 626 other
1200 595 1344 635 readings
1367 606 1419 625 are
1436 599 1443 612 ⁴
1457 595 1552 635 lcgit’
1568 597 1631 627 and

82 602 240 641 sentietis]
290 603 297 617 ‘
312 600 452 630 sentiatis
467 598 474 612 '
493 599 530 629 B.

856 640 865 654 ‘
875 638 1014 678 delegit.’

82 646 136 684 qui
173 646 206 673 in
232 644 399 683 judicibus
428 641 583 681 leqendis]
631 639 810 679 Pompeius.

39 689 98 719 See
114 688 166 718 the
179 686 398 717 Introduction
410 685 446 715 of
455 685 675 715 Asconius.—‘
686 683 780 722 elegit
792 682 811 712 :’

94 882 187 921 This
207 882 240 920 is
260 882 365 920 what
384 871 580 920 Asconius
601 894 688 932 says
709 879 829 918 about
848 879 916 916 the
935 879 1059 917 result
1079 880 1123 918 of
1137 880 1205 918 the
1226 879 1315 918 trial
1329 897 1392 918 1—-

97 981 117 998 “
134 979 298 1016 Peracta
316 977 513 1027 utrimque
542 988 678 1013 caussa
698 973 842 1024 singuli
862 974 1001 1024 quinos
1022 978 1224 1012 accusator
1243 977 1283 1012 et
1302 987 1392 1012 reus
1420 976 1633 1020 senatores,

41 1040 208 1077 totidem
224 1039 374 1090 equites
388 1043 427 1076 et
442 1037 623 1075 tribunos
637 1036 804 1074 aerarios
817 1036 1050 1086 rejecerunt,
1065 1035 1121 1073 ita
1135 1039 1181 1073 ut
1196 1049 1299 1073 unus
1315 1039 1355 1073 et
1376 1048 1399 1072 L
1417 1034 1633 1072 sententias

41 1101 218 1139 tulerint.
276 1102 485 1138 Senatores
505 1098 816 1137 condemnarunt
836 1109 912 1144 xri,
928 1097 1179 1135 absolverunt
1194 1109 1262 1143 V13
1283 1097 1434 1147 equites
1455 1096 1634 1134 condem-

43 1165 237 1201 naverunt
266 1174 362 1208 XIII,
389 1160 639 1199 absolverunt
670 1171 769 1206 IIII3
808 1158 958 1196 tribuni
988 1158 1125 1195 aerarii
1153 1159 1512 1195 condemnaverunt
1536 1169 1634 1204 XIII,

41 1225 293 1262 absolverunt
313 1235 380 1260 III.
436 1221 687 1260 Videbantur
706 1233 787 1257 non
805 1220 1005 1270 ignorasse
1025 1219 1178 1270 judices
1207 1218 1329 1256 inscio
1349 1218 1502 1256 Milone
1521 1218 1635 1256 initio

42 1286 291 1323 vulneratum
339 1297 424 1321 esse
465 1282 657 1328 Clodium,
707 1281 773 1319 sed
830 1284 1100 1331 compererant
1148 1284 1356 1331 postquam
1405 1280 1635 1318 vulneratus

43 1350 147 1384 esset
170 1347 287 1398 jussu
314 1344 478 1383 Milonis
507 1343 688 1381 occisum.
745 1343 927 1380 Fuerunt
957 1342 1023 1393 qui
1052 1341 1255 1380 crederent
1276 1342 1335 1379 M.
1359 1341 1520 1380 Catonis
1550 1355 1635 1379 sen-

41 1408 169 1446 tentia
199 1422 288 1446 eum
318 1420 403 1444 esse
431 1405 666 1452 absolutum,
695 1417 784 1442 nam
819 1408 859 1442 et
890 1404 991 1442 bene
1020 1417 1109 1442 cum
1137 1417 1179 1441 re
1207 1403 1363 1454 publica
1391 1408 1522 1441 actum
1551 1416 1635 1441 esse

45 1474 172 1508 morte
193 1470 237 1508 P.
260 1468 386 1508 Clodii
406 1481 486 1505 non
507 1466 830 1514 dissimulaverat,
850 1469 890 1504 et
911 1465 1095 1504 studebat
1123 1465 1165 1503 in
1193 1465 1386 1516 petitione
1407 1465 1635 1503 consulatus

44 1531 190 1569 Miloni
217 1534 257 1569 et
287 1544 353 1568 reo
384 1530 561 1567 affuerat.
618 1528 902 1566 Nominaverat
928 1541 1081 1579 quoque
1108 1541 1196 1565 eum
1224 1527 1360 1565 Cicero
1389 1530 1635 1578 praesentem

43 1596 82 1630 et
111 1596 281 1631 testatus
311 1595 395 1630 erat
423 1591 578 1629 audisse
606 1603 629 1628 a
649 1590 708 1628 M.
729 1589 902 1628 Favonio
931 1593 1024 1627 ante
1053 1589 1155 1627 diem
1180 1589 1341 1627 tertium
1364 1602 1478 1640 quam
1500 1588 1635 1627 caedes

42 1654 147 1692 facta
184 1659 268 1692 erat
304 1653 484 1692 Clodium
523 1651 665 1689 dixisse
702 1652 878 1702 perituro
916 1664 1000 1689 esse
1039 1664 1084 1689 eo
1121 1650 1253 1688 triduo
1287 1651 1492 1689 Milonem.
1560 1650 1636 1688 Sed

44 1716 209 1754 Milonis
243 1728 396 1767 quoque
426 1717 561 1752 notam
594 1713 793 1751 audaciam
816 1740 1634 1751 ...........................

43 1779 167 1816 vetiar
186 1791 207 1816 e
226 1791 251 1828 p
274 1804 468 1815 .......
490 1774 586 1812 utile
612 1774 737 1812 visum
767 1778 827 1811 est
848 1773 965 1812 sciret
987 1799 1182 1810 .......
1206 1786 1255 1809 ne
1285 1785 1466 1822 umquam
1492 1773 1636 1823 potuit,

45 1843 175 1878 utram
204 1837 441 1876 sententiam
464 1862 1216 1874 .........................
1245 1833 1470 1871 damnatum
1504 1838 1636 1872 autem

45 1914 165 1951 opera
201 1898 365 1937 maxime
402 1896 524 1947 Appii
563 1895 716 1934 Claudii
754 1895 1055 1946 pronuntiatum
1093 1898 1165 1932 est.
1240 1895 1340 1932 Milo
1379 1898 1536 1945 postero
1575 1895 1636 1933 die

44 1962 173 2000 factus
201 1974 292 1998 reus
321 1958 490 1997 ambitus
520 1956 623 2007 apud
650 1956 846 1994 Manlium
875 1957 1117 2006 Torquatum
1152 1955 1292 1993 absens
1327 1955 1533 1993 damnatus
1563 1960 1635 1994 est.

45 2024 122 2061 Illa
149 2035 302 2074 quoque
329 2021 415 2070 lege
444 2021 645 2057 accusator
667 2017 743 2055 suit
772 2017 855 2068 ejus
874 2017 1029 2068 Appius
1052 2017 1238 2055 Claudius
1267 2020 1307 2054 et
1333 2030 1451 2067 quum
1473 2017 1507 2054 ei
1527 2031 1637 2068 prae-

44 2086 166 2125 mium
186 2086 271 2135 lege
287 2084 446 2122 daretur
465 2081 620 2131 negavit
640 2093 706 2118 reo
725 2079 793 2117 ita.
851 2079 1176 2130 Subscripserunt
1191 2082 1231 2116 et
1246 2078 1287 2116 in
1303 2078 1472 2116 ambitus
1488 2079 1636 2130 judicio

47 2148 92 2186 P.
118 2147 299 2186 Valerius
332 2145 414 2183 Leo
441 2146 481 2181 et
512 2143 583 2180 Cn.
617 2141 829 2188 Domitius,
863 2142 934 2179 On.
963 2141 1008 2178 F.
1067 2141 1163 2178 Post
1194 2154 1339 2191 paucos
1371 2140 1452 2178 dies
1483 2154 1636 2192 quoque

45 2210 147 2247 Milo
167 2207 270 2259 apud
290 2205 505 2245 Favonium
526 2203 782 2254 quaesitorem
804 2203 850 2240 de
876 2202 1068 2240 sodaliciis
1098 2202 1305 2240 damnatus
1335 2205 1407 2248 est,
1428 2206 1637 2240 accusante

46 2269 91 2306 P.
123 2266 262 2305 Fulvio
305 2265 467 2311 Nerato,
506 2262 568 2301 cui
616 2263 700 2312 lege
749 2261 964 2313 praemium
1006 2261 1141 2299 datum
1193 2264 1266 2298 est.
1332 2260 1487 2298 Deinde
1533 2260 1637 2312 apud

90 2375 139 2404 M.
161 2373 303 2412 Catonis]

47 2417 136 2446 culus
160 2417 192 2446 ii.
219 2418 278 2451 47:
305 2415 490 2445 “Milonem
515 2425 604 2444 reum
628 2424 691 2443 non
718 2415 817 2453 magis

905 2372 1138 2402 Nominaverat
1169 2393 1177 2401 .
1203 2393 1210 2401 .
1236 2393 1243 2400 .

861 2414 923 2444 and
939 2425 966 2444 c.
987 2415 1035 2445 16.

354 2372 450 2402 Halm
476 2374 586 2412 quotes
609 2371 691 2401 Vell.
709 2371 816 2401 Pater·
1275 2370 1431 2410 Favonio]
1481 2370 1540 2401 See
1566 2379 1592 2400 c.
1617 2372 1637 2402 9

47 2460 163 2489 invidia
179 2459 251 2488 facti
267 2468 360 2498 quam
379 2458 519 2497 Pompeii
535 2458 694 2487 damnavit
704 2458 816 2487 volun-

47 2506 105 2532 tas.
153 2502 257 2535 Quem
288 2501 413 2540 quidem
441 2501 488 2530 M.
517 2500 596 2531 Cato
626 2500 728 2539 palam
756 2501 818 2530 lata

47 2545 181 2575 absolvit
206 2544 370 2579 sententia,
388 2544 441 2583 qui
465 2544 490 2573 si
511 2543 663 2573 maturius
682 2543 816 2580 tulisset,

47 2598 111 2618 non
138 2587 312 2617 defuissent
335 2587 387 2626 qui
412 2590 616 2626 sequerentur
639 2587 816 2625 exemplum

46 2631 279 2670 probarentque
316 2639 388 2658 eum
429 2630 527 2659 civem
569 2629 715 2665 occisum,
755 2639 817 2668 quo

47 2683 141 2703 nemo
178 2672 380 2712 perniciosior
409 2672 453 2701 rei
484 2672 570 2710 publ.
602 2682 703 2711 neque
727 2672 817 2701 bonis

47 2716 202 2746 inimicior
216 2714 370 2745 vixerat.”
417 2715 555 2744 Velleius
578 2725 648 2754 says
671 2715 740 2744 that
763 2715 818 2744 the

48 2759 186 2797 meeting
202 2758 237 2788 of
249 2757 377 2788 Clodius
393 2758 454 2786 and
471 2758 551 2787 Milo
565 2768 625 2787 was
637 2758 819 2794 accidental,

48 2808 55 2819 ¹
71 2804 231 2832 contracta
245 2811 283 2830 ex
299 2810 428 2829 occursu
449 2800 537 2829 rixa!
586 2801 637 2830 He
661 2801 726 2830 also
751 2810 821 2840 says

47 2846 118 2875 that
149 2844 228 2875 Cato
258 2843 351 2873 voted
382 2843 518 2882 openly:
550 2843 591 2872 he
621 2843 748 2872 showed
773 2843 821 2872 his

46 2890 155 2927 voting
179 2887 287 2923 tablet,
309 2886 431 2924 though
455 2886 480 2914 it
496 2895 557 2915 was
582 2886 637 2916 the
661 2886 729 2916 rule
751 2886 821 2916 that

47 2931 102 2961 the
118 2931 226 2969 voting
241 2928 354 2959 should
369 2928 407 2958 be
424 2931 532 2958 secret.

904 2460 1012 2487 uotam
1028 2455 1213 2495 audaciam]
1250 2454 1374 2485 Halm's
1390 2458 1457 2485 text
1473 2455 1637 2486 continues

862 2500 955 2530 thus:
982 2500 1161 2530 ‘audaciam
1186 2499 1284 2528 averti
1308 2509 1327 2528 a
1348 2509 1382 2528 re
1409 2499 1533 2538 publica
1559 2499 1637 2528 utile

862 2543 962 2573 visum
980 2547 1045 2579 est3
1070 2543 1148 2572 scire
1171 2545 1277 2571 tamen
1302 2551 1395 2571 nemo
1422 2552 1561 2580 unquam
1580 2551 1636 2581 po-

862 2586 924 2615 tuit
940 2590 1041 2615 utram
1059 2585 1245 2615 sententiam
1262 2585 1384 2614 tulisset
1396 2584 1415 2614 :'
1442 2588 1449 2601 ⁴
1463 2589 1568 2614 tamen
1582 2606 1589 2614 .
1605 2606 1612 2614 .
1628 2606 1635 2614 .

863 2629 985 2658 tulisset
993 2629 1000 2642 ’
1011 2638 1066 2658 are
1076 2629 1130 2658 the
1142 2628 1343 2667 supplement
1355 2627 1390 2657 of
1399 2627 1452 2656 the
1464 2627 1637 2656 Hollander

863 2672 935 2701 Seb.
954 2672 1089 2701 Rau.—‘
1102 2680 1156 2700 reo
1171 2670 1245 2700 ita:¹
1264 2675 1271 2687 ‘
1286 2680 1318 2700 se
1334 2680 1370 2700 eo
1388 2669 1456 2706 uti‚’
1474 2670 1612 2707 Madvig.

900 2714 1099 2753 praemium]
1138 2713 1207 2743 The
1223 2713 1341 2743 reward
1355 2713 1455 2742 which
1467 2722 1529 2741 was
1544 2712 1635 2750 given

866 2756 906 2796 by
931 2757 1047 2786 certain
1076 2760 1083 2773 ‘
1098 2755 1195 2795 leges’
1223 2759 1256 2786 to
1283 2756 1337 2786 the
1363 2757 1544 2794 prosecutor
1566 2754 1636 2783 who

866 2800 1036 2829 succeeded
1066 2799 1098 2829 in
1129 2799 1330 2839 prosecuting
1358 2798 1413 2827 the
1442 2796 1572 2826 accused
1602 2799 1636 2826 to

866 2843 1051 2872 conviction.
1098 2842 1130 2872 It
1166 2842 1192 2871 is
1229 2845 1287 2871 not
1321 2841 1435 2870 known
1464 2839 1547 2868 what
1581 2839 1636 2868 the

864 2885 983 2915 reward
1012 2895 1075 2914 was
1105 2884 1206 2914 under
1235 2885 1289 2913 the
1323 2883 1390 2912 Lex
1419 2882 1568 2920 Pompeia
1597 2882 1636 2912 (le

864 2927 1008 2964 Ambitu‚
1025 2937 1058 2958 as
1087 2927 1183 2957 Halm
1207 2925 1357 2956 remarks.
1402 2924 1478 2954 This
1495 2934 1556 2954 was
1581 2924 1637 2955 the
