1816 3211
711 185 843 227 OAP.
877 188 942 237 12,
968 188 1034 228 13.
1588 193 1670 234 243

79 310 330 352 agnoscere:
365 296 604 339 bimaritum
625 297 821 352 appellas,
853 303 901 340 ut
931 299 1055 340 verba
1086 300 1213 341 etiam
1243 301 1389 357 fingas,
1424 316 1508 342 non
1538 302 1670 343 solum

81 361 266 402 crimina.
328 361 514 403 Ductum
535 377 626 404 esse
653 363 706 403 ab
729 377 777 403 eo
810 362 851 403 in
882 364 1138 418 provinciam
1162 364 1343 420 aliquem
1364 365 1468 406 dicis
1489 365 1671 408 libidinis

82 440 243 475 caussa,
266 427 375 480 quod
408 442 491 467 non
525 427 680 468 crimen
701 432 777 476 est,
800 429 874 468 sed
907 428 1156 483 impunitum
1187 430 1229 470 in
1263 430 1483 471 maledicto
1504 431 1671 471 menda-

80 490 190 530 cium
208 507 218 538 ;
254 495 421 544 raptam
443 506 532 533 esse
553 492 776 542 mimulam,
799 493 910 547 quod
931 493 1083 534 dicitur
1104 494 1262 535 Atinae
1293 495 1451 535 factum
1482 510 1507 535 a
1523 495 1670 549 juven-

80 559 173 595 tute
194 559 335 595 vetere
357 557 536 610 quodam
558 557 599 596 in
620 557 804 597 scenicos
820 558 915 611 jure
947 557 1207 613 maximeque
1230 559 1451 613 oppidano.
1514 559 1550 600 Ο
1572 559 1670 600 ado-

77 619 322 660 lescentiam
355 621 593 662 traductam
627 621 866 675 eleganter!
914 621 979 662 cui
1011 622 1178 676 quidem
1208 638 1334 678 quum
1364 624 1475 678 quod
1504 623 1671 665 licuerit

79 683 315 738 objiciatur,
340 687 481 724 tamen
514 685 554 725 id
577 685 713 739 ipsum
747 685 895 725 falsum
925 686 1452 740 reperiatur.—⁴Emissus
1481 688 1628 743 aliquis
1648 703 1671 729 e

80 749 274 789 carcere.'
336 748 395 788 Et
417 749 585 803 quidem
617 749 793 790 emissus
825 764 898 803 per
930 750 1261 804 imprudentiam,
1285 752 1473 802 emissus,
1497 760 1545 793 ut
1574 766 1671 807 cog-

79 813 226 861 nostis,
259 813 486 853 necessarii
522 813 701 854 hominis
748 813 975 868 optimique
1010 815 1289 856 adolescentis
1328 821 1507 869 rogatu3
1561 816 1671 856 idem

78 883 227 934 postea
263 878 576 933 praemandatis
608 878 846 932 requisitus.
907 879 1051 933 Atque
1084 880 1189 920 haec
1224 894 1301 920 nec
1334 880 1416 920 ulla
1448 880 1529 920 alia
1569 885 1670 921 sunt

84 943 278 997 conjecta
300 942 524 984 maledicta
545 943 585 983 in
608 944 697 996 ejus
719 943 847 984 vitam
878 943 928 984 de
950 944 1067 997 cujus
1087 958 1160 984 vos
1180 944 1350 999 pudore,
1373 944 1586 1000 religione,
1611 945 1670 984 in-

79 1007 280 1062 tegritate
314 1007 529 1048 dubitetis.
589 1007 729 1048 XIII.
763 1008 893 1048 Pater
926 1022 1035 1057 vero,
1070 1008 1216 1063 inquit,
1246 1008 1373 1049 etiam
1406 1009 1552 1049 obesse
1584 1009 1669 1050 filio

79 1072 217 1114 debet.
279 1072 315 1113 O
334 1087 476 1112 vocem
499 1072 646 1112 duram
667 1076 794 1126 atque
820 1072 1033 1127 indignam
1054 1076 1127 1113 tua
1148 1073 1371 1127 probitate,
1399 1072 1639 1113 Laterensis
1657 1077 1664 1114 !

80 1136 213 1177 Pater
247 1141 296 1177 ut
326 1136 368 1176 in
397 1136 556 1190 judicio
593 1136 757 1190 capitis,
794 1141 913 1191 pater
946 1142 993 1177 ut
1024 1137 1066 1176 in
1098 1136 1362 1178 dimicatione
1393 1137 1668 1187 fortunarum,

78 1205 199 1255 pater
219 1205 267 1241 ut
287 1201 398 1254 apud
419 1201 527 1240 tales
548 1200 658 1241 viros
679 1202 827 1242 obesse
858 1201 942 1241 filio
974 1201 1125 1242 debeat
1143 1218 1154 1248 ;
1189 1201 1258 1255 qui
1288 1201 1323 1242 si
1345 1206 1457 1242 esset
1477 1202 1669 1256 turpissi-

80 1279 184 1314 mus⁷
208 1265 242 1305 si
264 1264 584 1314 sordidissimus,
608 1270 750 1305 tamen
781 1265 872 1319 ipso
904 1265 1069 1306 nomine
1096 1265 1233 1319 patrio
1264 1265 1422 1306 valeret
1451 1267 1562 1320 apud
1590 1267 1669 1307 cle-

79 1333 242 1369 mentes
269 1329 435 1383 judices
468 1333 512 1369 et
543 1328 863 1376 misericordes;
897 1330 1066 1377 valeret,
1091 1329 1269 1384 inquam,
1304 1330 1512 1369 communi
1543 1345 1669 1371 sensu

80 1393 263 1434 omnium
295 1398 336 1434 et
360 1393 597 1434 dulcissima
625 1394 987 1435 commendatione
1012 1399 1198 1435 naturae.
1261 1394 1344 1434 Sed
1365 1409 1493 1448 quum
1514 1394 1570 1435 sit
1592 1394 1669 1436 Cn.

82 1457 279 1497 Plancius
300 1457 335 1497 is
357 1471 484 1511 eques
506 1457 734 1505 Romanus,
753 1472 801 1497 ea
817 1458 995 1511 primum
1017 1463 1230 1499 vetustate
1252 1458 1459 1512 equestris
1480 1459 1668 1509 nominis,

79 1526 126 1562 ut
147 1526 277 1575 pater,
302 1526 350 1561 ut
380 1535 494 1570 avus,
528 1526 576 1561 ut
608 1522 788 1574 majores
822 1522 913 1575 ejus
944 1536 1086 1562 omnes
1115 1522 1279 1576 equites
1301 1522 1478 1563 Romani
1500 1524 1667 1574 fuerint,

79 1599 287 1625 summum
323 1585 365 1624 in
397 1585 663 1639 praefectura
695 1584 991 1625 florentissima
1020 1586 1197 1639 gradum
1228 1587 1442 1627 tenuerint
1473 1591 1517 1627 et
1538 1587 1670 1641 digni-

78 1649 180 1690 tatis
202 1655 244 1689 et
264 1649 425 1703 gratiae
444 1665 454 1693 ;
489 1649 636 1689 deinde
658 1653 706 1688 ut
726 1648 814 1703 ipse
836 1648 877 1688 in
899 1648 1131 1703 legionibus
1155 1649 1206 1690 P.
1229 1650 1369 1691 Crassi
1391 1651 1667 1705 imperatoris,

79 1713 189 1754 inter
221 1713 510 1754 ornatissimos
543 1712 744 1762 homines,
787 1713 950 1768 equites
992 1713 1216 1764 Romanos,
1254 1729 1416 1755 summo
1449 1715 1669 1769 splendore

78 1835 215 1871 Ernesti,
250 1835 320 1866 that
356 1835 410 1865 the
447 1835 533 1865 word
569 1845 632 1865 was
669 1836 803 1865 new.—‘
816 1837 852 1864 ut

76 1877 171 1907 verba
193 1878 288 1908 etiam
319 1878 418 1917 fingas
431 1877 450 1908 :'
488 1877 569 1908 ‘and
594 1887 628 1908 so
652 1888 715 1917 you
745 1878 853 1908 invent

77 1929 154 1950 even
171 1920 294 1950 words.'
341 1921 398 1950 See
414 1931 440 1950 c.
457 1921 506 1956 11,
519 1923 595 1950 note
610 1930 652 1950 on
669 1923 676 1937 ‘
688 1920 750 1957 ne‚'
765 1923 822 1950 &c.

120 1963 300 2002 mimulam]
349 1966 410 1993 ‘an
435 1967 552 1993 actress
573 1963 609 1993 of
631 1962 741 1999 mimi,’
766 1973 852 1993 some

78 2005 137 2043 girl
159 2005 261 2034 whom
287 2005 341 2035 the
365 2015 471 2045 young
496 2016 569 2036 men
600 2006 718 2036 carried
748 2006 802 2040 off,
825 2006 850 2035 it

78 2047 174 2085 being
190 2057 229 2077 an
252 2048 303 2077 old
319 2051 453 2084 custom,
469 2058 503 2078 as
526 2049 566 2078 he
581 2049 652 2078 tells
667 2058 715 2084 uS,
732 2049 763 2078 in
780 2048 851 2078 that

79 2092 163 2119 town
179 2093 212 2119 to
229 2094 309 2120 treat
324 2094 438 2126 actors,
455 2100 489 2120 or
512 2091 617 2121 rather
640 2095 800 2126 actresses,
818 2091 850 2120 in

78 2131 142 2162 this
165 2142 242 2171 way.
290 2132 321 2162 It
343 2133 368 2162 is
391 2133 521 2171 implied
544 2133 612 2163 that
629 2134 773 2163 Plancius
789 2143 850 2163 was

79 2183 194 2212 among
206 2175 294 2204 these
309 2185 414 2213 young
429 2185 512 2204 men.
558 2175 713 2215 Compare
724 2176 802 2215 Livy
815 2176 847 2205 ii.

80 2224 107 2244 c.
134 2216 331 2255 18.—-‘qu0d
355 2217 478 2246 licuerit
507 2216 701 2255 objiciatur?
730 2219 769 2248 he
794 2219 849 2248 has

81 2256 147 2286 said
171 2257 259 2287 there
283 2268 344 2287 was
368 2269 407 2288 an
432 2259 485 2288 old
507 2259 574 2288 rule
600 2269 636 2288 or
659 2259 782 2290 fashion
817 2264 850 2290 at

82 2298 180 2328 Atina
208 2300 310 2329 which
339 2300 467 2330 allowed
497 2301 552 2331 the
582 2312 688 2341 young
714 2312 786 2332 men
817 2306 850 2332 to

81 2350 168 2379 carry
184 2342 230 2370 off
241 2351 281 2370 an
297 2345 422 2372 actress.

126 2384 270 2412 Emis-sus
289 2385 421 2423 aliquis]
470 2385 508 2415 In
525 2385 579 2415 the
600 2385 797 2426 tribuneship
819 2387 856 2416 of

81 2424 227 2496 ΕΙΞιιιοίυε
245 2426 450 2466 (Manutius).
498 2427 677 2458 Laterensis
700 2429 761 2458 had
785 2429 850 2459 said

108 2477 156 2496 ns,

120 2509 378 2548 praemandatis]
427 2510 569 2541 Wunder
592 2514 702 2551 quotes
718 2515 778 2542 two
802 2513 850 2542 in-

86 2554 209 2580 stanccs
225 2551 260 2580 of
279 2551 333 2580 the
349 2561 404 2581 use
419 2552 454 2581 of
467 2556 473 2569 ⁴
488 2554 733 2591 praemandare,'
750 2555 849 2585 which

82 2593 154 2632 help
172 2597 204 2622 to
221 2593 345 2631 explain
359 2594 421 2623 this
438 2604 585 2633 passage:
605 2596 744 2632 Plautus,
755 2597 848 2627 Truc.

81 2636 113 2664 ii.
130 2637 161 2665 4.
179 2637 230 2670 49,
253 2635 314 2664 and
337 2636 456 2671 Cicero,
475 2636 523 2666 Ad
549 2637 620 2667 Div.
638 2648 666 2667 v.
684 2641 715 2669 9.
760 2639 850 2668 After

81 2678 234 2715 rejecting
256 2678 310 2706 thu
333 2678 455 2707 various
478 2682 628 2717 attempta
651 2683 683 2708 at
704 2680 848 2710 emenda-

82 2720 160 2754 tion,
191 2719 231 2749 he
261 2723 384 2758 accepts
417 2720 598 2752 lluhlricus'
630 2721 851 2759 explanation:

83 2762 364 2791 “l'raemamlalis
394 2763 567 2800 requisitus
596 2766 644 2792 est
670 2763 780 2793 litteris
806 2774 852 2794 re-

82 2803 227 2843 quisitus,
255 2814 334 2843 quae
366 2804 477 2833 missae
508 2804 631 2833 fuerant
661 2805 693 2833 in
724 2815 776 2834 eas
806 2815 853 2835 re-

82 2846 190 2884 giones
214 2847 246 2875 in
270 2856 346 2884 quas
370 2846 456 2875 illum
474 2856 507 2876 se
525 2846 694 2876 contulisse
712 2847 854 2877 Plancius

83 2887 311 2928 suspicabatur,
341 2892 510 2928 antequam
541 2888 579 2918 de
609 2898 645 2918 ea
674 2898 708 2918 re
737 2889 853 2929 aliquid

896 1837 1065 1871 constaret,
1097 1834 1181 1874 quod
1219 1835 1251 1864 in
1289 1835 1427 1874 fugitivis
1465 1835 1532 1865 fieri
1570 1836 1667 1866 solet:

896 1879 995 1907 nostri
1033 1877 1062 1907 id
1101 1887 1200 1916 genus
1233 1878 1435 1916 Sleckbriefe
1472 1879 1668 1917 appellant.’'

896 1920 1040 1950 Wunder
1076 1920 1221 1950 however
1251 1920 1370 1958 objects
1408 1925 1441 1950 to
1478 1921 1532 1950 the
1570 1921 1670 1951 words

893 1965 905 1981 ‘
917 1967 991 1993 ante
1002 1973 1096 2002 quam
1115 1985 1121 1992 .
1140 1985 1147 1992 .
1166 1985 1173 1992 .
1190 1963 1369 1999 constaret,’
1382 1964 1413 1993 in
1425 1964 1511 2003 place
1522 1964 1556 1993 of
1570 1964 1669 1993 which

894 2005 934 2035 he
951 2006 1054 2035 would
1078 2008 1137 2044 put
1154 2007 1248 2034 ‘ante
1271 2016 1364 2044 quam
1388 2007 1419 2035 in
1444 2006 1511 2036 illas
1528 2007 1670 2045 regiones

895 2048 925 2078 in
950 2058 1027 2087 quas
1052 2049 1172 2077 litteras
1196 2048 1281 2077 misit
1306 2048 1468 2087 fugitivom
1492 2049 1670 2088 pervenisse

895 2090 1135 2129 suspicabatur)

939 2133 1106 2172 dubitetis]
1171 2132 1322 2162 Garatoni
1356 2133 1497 2171 explains
1532 2133 1593 2162 this
1629 2132 1670 2172 by

895 2178 902 2191 ‘
915 2175 1056 2205 dubitare
1072 2175 1235 2206 debeatis!
1283 2175 1426 2205 NVunder
1442 2180 1576 2204 corrects
1592 2175 1669 2210 him,

894 2218 955 2246 and
981 2228 1051 2257 says
1075 2218 1145 2247 that
1169 2221 1176 2233 ⁴
1191 2217 1230 2247 de
1260 2218 1349 2256 cujus
1368 2240 1374 2246 .
1394 2240 1400 2247 .
1420 2240 1426 2247 .
1450 2217 1615 2246 (lubitotis’
1644 2218 1670 2248 is

894 2263 952 2299 put
983 2260 1030 2289 for
1053 2263 1060 2276 ⁴
1075 2263 1110 2289 ut
1140 2260 1179 2289 de
1211 2260 1278 2298 ejus
1296 2283 1302 2289 .
1322 2283 1329 2290 .
1350 2282 1356 2289 .
1378 2259 1552 2289 dubitetis.r
1601 2260 1671 2289 The

895 2303 1042 2341 meaning
1068 2302 1115 2331 is:
1145 2302 1264 2336 “This,
1293 2302 1355 2331 and
1382 2303 1406 2332 it
1434 2302 1460 2331 is
1487 2303 1538 2338 all,
1565 2302 1590 2331 is
1618 2302 1671 2331 thu

897 2344 1022 2374 scandal
1039 2345 1160 2374 thrown
1186 2355 1227 2374 on
1254 2344 1409 2375 l‘laneius'
1427 2345 1478 2374 life
1496 2344 1549 2384 (de
1565 2344 1670 2384 cujus)

897 2391 929 2416 to
947 2387 1038 2416 make
1053 2397 1115 2426 you
1131 2387 1230 2417 doubt
1247 2387 1294 2416 his
1311 2387 1479 2425 chastity,·’
1498 2390 1554 2416 διο.

943 2430 989 2458 13.
1015 2429 1135 2466 obesse]
1196 2433 1203 2446 ⁸
1217 2429 1285 2459 Tho
1334 2429 1462 2458 father-'s
1511 2429 1671 2458 chan-actor

895 2471 994 2509 ought
1010 2474 1065 2500 not
1082 2475 1114 2500 to
1139 2471 1178 2501 be
1197 2481 1215 2501 a
1238 2472 1455 2510 presumption
1479 2472 1602 2509 against
1619 2472 1671 2500 thc

896 2513 1029 2542 son.'·-‘
1042 2514 1201 2543 communi
1217 2524 1311 2543 sensu
1323 2513 1341 2543 ι’
1366 2514 1398 2543 in
1415 2514 1468 2543 the
1484 2514 1542 2542 Pro
1555 2514 1671 2543 Cluen-

896 2555 949 2591 tio,
972 2566 998 2585 c.
1019 2558 1048 2591 6,
1074 2556 1114 2585 116
1141 2556 1244 2585 writes
1270 2557 1335 2585 “in
1361 2556 1585 2585 communibus
1613 2555 1669 2583 ho-

896 2598 1015 2627 minum
1054 2597 1197 2628 sensibus
1233 2601 1329 2637 atque
1366 2598 1434 2637 ipsa
1471 2603 1583 2627 natura
1614 2607 1670 2636 po-

895 2639 1025 2669 situm.'’

941 2683 979 2711 P.
1002 2682 1124 2720 Crassi]
1173 2682 1242 2711 The
1269 2681 1371 2712 father
1394 2682 1430 2711 of
1456 2681 1501 2711 M.
1528 2681 1669 2713 Crassus,

896 2723 952 2753 the
993 2728 1231 2763 contemporary
1271 2725 1307 2754 os
1341 2725 1459 2754 Cicero.
1518 2724 1576 2751 Sco
1613 2722 1670 2749 Pro

899 2764 1011 2801 Sestio,
1029 2776 1054 2795 c.
1068 2767 1119 2801 21,
1137 2766 1197 2795 and
1216 2766 1269 2795 the
1285 2771 1360 2796 note
1376 2776 1417 2795 on
1439 2767 1469 2794 l'.
1485 2764 1670 2793 Crassus.—

899 2808 1064 2846 ‘priuceps
1087 2830 1093 2836 .
1113 2830 1120 2837 .
1139 2830 1145 2837 .
1168 2812 1279 2838 auctor
1303 2830 1310 2838 .
1329 2832 1335 2839 .
1353 2830 1360 2838 .
1383 2805 1553 2846 magister!
1613 2805 1670 2831 Sec

899 2859 924 2878 c.
942 2852 972 2885 9,
990 2849 1051 2879 and
1068 2849 1122 2880 the
1139 2853 1240 2880 notes.

844 2933 916 2971 112
