1816 3211
131 194 213 234 580
293 192 471 235 ORAT.
505 192 1018 235 PHILIPPICARUM
1055 191 1240 232 LIBER
1273 190 1561 244 QUINTUS.

129 320 319 361 gressum
345 307 498 348 aetatis
528 307 765 362 exspectari
798 322 880 348 non
913 310 1120 362 oportere.
1183 306 1332 361 Itaque
1363 306 1543 360 majores
1574 307 1719 358 nostri,

130 375 293 412 veteres
334 372 389 412 illi
425 373 649 412 admodum
684 372 858 427 antiqui,
896 372 1008 426 leges
1039 371 1209 412 annales
1245 386 1326 411 11011
1360 371 1582 422 habebant,
1619 388 1723 428 quas

129 437 274 478 multis
295 442 392 492 post
413 438 531 477 aunis
552 437 697 478 attulit
723 437 897 477 ambitio
929 442 977 477 ut
1006 437 1163 491 gradus
1194 442 1334 478 essent
1367 436 1583 491 petitionis
1615 438 1723 479 inter

130 503 335 557 aequales.
400 502 467 543 Ita
488 516 610 556 saepe
632 516 784 557 magna
813 501 971 542 indoles
992 502 1160 542 virtutis
1189 502 1431 557 priusquam
1452 501 1511 541 rei
1537 503 1723 556 publicae

130 567 327 622 prodesse
362 567 571 621 potuisset
607 567 819 608 exstincta
854 572 932 608 est.
997 568 1059 608 At
1094 582 1190 608 vero
1225 567 1334 622 apud
1369 567 1564 621 antiquos
1600 567 1721 617 Rulli,

132 631 264 682 Decii,
299 631 477 680 Corvini,
514 631 714 686 multique
749 632 829 681 alii,
863 633 1095 673 recentiore
1127 637 1267 673 autem
1302 632 1502 673 memoria
1536 633 1725 688 superior

131 696 370 747 Africanus,
408 697 455 738 T.
493 697 768 746 Flamininus,
805 697 1031 738 admodum
1066 698 1354 738 adolescentes
1395 697 1586 738 consules
1625 698 1724 739 facti

130 766 275 803 tantas
295 777 362 804 res
382 768 605 817 gesserunt
635 767 683 803 ut.
709 763 851 817 populi
886 763 1062 803 Romani
1096 763 1315 819 imperium
1336 762 1542 811 auxerint,
1573 770 1724 804 nomen

131 827 332 868 ornarint.
393 827 513 879 Quid,
541 827 721 868 Macedo
753 827 1005 877 Alexander,
1039 843 1166 883 quum
1198 829 1251 868 ab
1284 828 1455 869 ineunte
1487 832 1626 868 aetate
1658 842 1725 868 res

131 892 335 933 maximas
362 907 508 947 gerere
530 892 751 947 coepisset,
781 907 916 933 nonne
947 893 1072 933 tertio
1106 898 1150 934 et
1182 893 1393 935 tricesimo
1418 907 1525 934 anno
1547 898 1726 934 mortem

131 958 264 998 obiit?
295 972 402 1013 quae
423 963 488 999 est
508 963 628 999 aetas
649 957 803 998 nostris
824 958 985 1013 legibus
1006 959 1149 999 decem
1173 958 1294 999 annis
1324 958 1458 999 minor
1480 972 1605 1012 quam
1626 972 1725 998 con-

131 1023 291 1064 sularis.
354 1022 423 1063 Ex
453 1037 534 1077 quo
560 1023 741 1077 judicari
774 1028 915 1078 potest
935 1023 1103 1065 virtutis
1125 1038 1216 1064 esse
1238 1038 1361 1078 quam
1382 1023 1535 1064 aetatis
1557 1037 1724 1063 cursum

131 1088 383 1129 celeriorem.
446 1088 632 1129 XVIII.
667 1088 776 1128 Nam
805 1089 915 1143 quod
942 1089 968 1129 ii
1002 1089 1072 1144 qui
1106 1089 1275 1130 Caesari
1308 1089 1494 1129 invident
1526 1088 1725 1128 simulant

131 1167 177 1193 se
198 1152 358 1203 timere,
382 1167 433 1193 ne
454 1154 679 1194 verendum
696 1153 861 1208 quidem
883 1158 958 1203 est,
977 1159 1025 1195 ut
1045 1160 1189 1196 tenere
1210 1169 1254 1195 se
1275 1154 1422 1209 possit,
1440 1159 1489 1195 ut
1505 1152 1722 1202 moderari,

131 1232 182 1258 ne
203 1218 430 1258 honoribus
451 1218 606 1259 nostris
627 1218 761 1258 elatus
792 1218 1141 1274 intemperantius
1162 1219 1247 1259 suis
1269 1219 1417 1273 opibus
1438 1224 1597 1260 utatur,
1659 1217 1724 1258 Ea

130 1287 283 1324 natura
309 1297 449 1323 rerum
477 1287 555 1332 est,
583 1287 725 1337 patres
756 1283 996 1339 conscripti,
1033 1288 1081 1325 ut
1117 1284 1186 1339 qui
1222 1299 1393 1325 sensum
1414 1298 1534 1324 verae
1566 1283 1724 1339 gloriae

131 1347 300 1403 ceperit,
324 1347 474 1403 quique
495 1362 539 1389 se
564 1349 617 1388 ab
648 1354 809 1398 senatu,
833 1349 886 1389 ab
918 1349 1127 1404 equitibus
1156 1349 1390 1405 populoque
1422 1349 1613 1389 Romano
1635 1348 1723 1389 uni-

130 1428 250 1454 verso
271 1413 450 1455 senserit
470 1413 602 1454 civem
633 1428 777 1454 carum
807 1414 950 1455 haberi
983 1414 1290 1470 salutaremque
1311 1414 1370 1455 rei
1397 1414 1599 1469 publicae,
1623 1413 1725 1454 nihil

131 1493 225 1519 cum
259 1478 339 1519 hac
371 1478 505 1533 gloria
540 1480 865 1534 comparandum
898 1484 1031 1535 putet.
1096 1480 1276 1522 Utinam
1312 1479 1359 1522 C.
1393 1479 1575 1529 Caesari,
1612 1479 1725 1534 patri

132 1543 236 1593 dico,
261 1543 508 1598 contigisset
527 1544 782 1586 adolescenti
813 1549 861 1586 ut
886 1549 998 1586 esset
1027 1545 1191 1586 senatui
1224 1550 1351 1600 atque
1384 1545 1542 1600 optimo
1576 1545 1723 1599 cuique

132 1608 397 1657 carissimus;
433 1609 543 1663 quod
576 1624 704 1664 quum
737 1610 934 1665 consequi
964 1610 1232 1665 neglexisset,
1256 1625 1420 1651 omnem
1441 1610 1523 1651 vim
1553 1609 1721 1664 ingenii,

131 1688 237 1729 quae
269 1688 429 1714 summa
459 1673 539 1714 fuit
570 1673 612 1713 in
644 1674 725 1724 illo,
749 1675 791 1715 in
818 1675 1008 1730 populari
1040 1675 1210 1716 levitate
1240 1675 1510 1730 consumpsit.
1572 1675 1723 1730 Itaque

132 1754 259 1794 quum
290 1743 527 1793 respectum
557 1739 610 1778 ad
639 1744 834 1779 senatum
865 1744 908 1780 et
938 1740 991 1779 acl
1021 1740 1153 1780 bonos
1184 1754 1265 1780 non
1298 1740 1485 1789 haberet,
1518 1755 1610 1781 eam
1645 1741 1723 1781 sibi

132 1803 241 1844 viam
263 1803 352 1858 ipse
382 1803 582 1858 patefecit
612 1803 666 1843 ad
698 1818 797 1858 opes
827 1819 925 1845 suas
955 1804 1266 1859 amplificandas
1297 1819 1421 1859 quam
1442 1805 1573 1846 virtus
1604 1805 1724 1846 liberi

131 1868 274 1923 populi
294 1868 401 1908 ferre
421 1882 503 1908 non
526 1872 683 1922 posset.
746 1868 854 1923 Ejus
884 1874 1026 1910 autem
1057 1869 1128 1909 filii
1159 1869 1399 1924 longissime
1424 1869 1585 1911 diversa
1615 1871 1723 1911 ratio

133 1939 211 1982 est,
236 1932 304 1987 qui
327 1947 451 1987 quum
473 1932 664 1973 omnibus
685 1937 763 1981 est,
787 1940 877 1974 tum
898 1934 1055 1988 optimo
1078 1935 1225 1988 cuique
1250 1934 1500 1975 carissimus.
1564 1935 1614 1975 In
1645 1936 1723 1976 1100

132 2012 227 2053 spes
257 1997 465 2038 libertatis
495 1997 635 2052 posita
665 2003 744 2047 est,
766 1999 819 2039 ab
849 1999 928 2039 1100
963 2004 1138 2054 accepta
1165 2000 1253 2053 jam
1284 1999 1406 2049 salus
1445 2000 1540 2041 huic
1575 2000 1725 2041 summi

132 2063 311 2103 honores
343 2068 387 2103 et
416 2062 691 2117 exquiruntur
726 2068 770 2104 et
801 2064 937 2118 parati
969 2070 1079 2105 sunt.
1143 2064 1273 2118 Cujus
1308 2064 1437 2119 igitur
1472 2065 1724 2121 singularem

131 2127 396 2182 prudentiam
417 2127 681 2176 admiramur,
706 2129 795 2182 ejus
816 2129 1040 2170 stultitiam
1071 2128 1297 2170 timemus?
1358 2129 1466 2181 Quid
1491 2131 1601 2171 enim
1622 2131 1724 2171 stul-

131 2193 215 2234 tius
245 2207 368 2247 quam
404 2192 592 2234 inutilem
626 2193 871 2247 potentiam,
904 2193 1129 2235 invidiosas
1157 2209 1268 2249 opeS,
1291 2195 1564 2250 cupiditatem
1595 2196 1724 2236 domi-

131 2257 258 2298 nandi
279 2257 552 2312 praecipitem
568 2262 612 2298 et
627 2258 830 2299 lubricam
845 2259 1052 2300 anteferre
1069 2273 1203 2308 verae,
1220 2260 1346 2313 gravi,
1363 2260 1519 2301 solidae
1540 2261 1723 2315 gloriae?

132 2323 204 2362 An
225 2323 304 2363 1100
326 2322 430 2363 vidit
448 2337 578 2377 puer;
613 2323 647 2363 si
668 2329 810 2364 aetate
831 2323 1092 2378 processerit,
1116 2338 1199 2364 non
1219 2323 1375 2365 videbit
1392 2326 1529 2366 3—At
1550 2330 1614 2367 est
1635 2325 1722 2381 qui-

175 2450 282 2488 chllz']
332 2450 371 2482 Q.
386 2450 500 2480 Fabius
513 2450 674 2480 Maximus
687 2451 801 2481 Rullus
817 2461 904 2481 com-

950 2451 1011 2481 Pro
1037 2451 1169 2484 Quintio
1204 2462 1231 2482 c.
1262 2453 1294 2488 i.,
1327 2453 1437 2483 Cicero
1464 2457 1619 2485 contrasts
1650 2458 1722 2486 ‘ve-

133 2492 268 2522 manded
285 2493 316 2521 in
333 2493 387 2522 the
413 2493 534 2522 Second
560 2494 700 2523 Samnite
716 2494 804 2523 War.
853 2494 905 2524 He

131 2545 195 2564 was
209 2535 317 2564 consul
327 2535 359 2563 in
378 2544 440 2564 B.c.
458 2537 530 2571 322,
542 2537 603 2565 and
620 2547 653 2566 as
666 2547 711 2566 we
726 2537 811 2566 leam
822 2537 904 2566 from

132 2577 195 2607 this
217 2587 347 2617 passage
370 2577 409 2607 he
422 2588 483 2608 was
500 2579 615 2608 elected
632 2582 664 2608 at
680 2590 719 2608 an
735 2580 819 2619 early
834 2590 903 2619 age.

135 2620 186 2650 He
202 2630 263 2650 was
279 2620 333 2649 the
348 2623 435 2658 great
451 2621 652 2658 grandfather
665 2622 699 2651 of
722 2622 905 2652 Cunctator.

132 2663 201 2693 The
230 2663 336 2692 others
363 2663 433 2691 who
457 2673 509 2692 are
539 2664 612 2693 here
643 2665 823 2694 mentioned
855 2675 907 2695 are

133 2716 219 2735 some
235 2706 269 2735 of
283 2704 419 2735 Cicero's
437 2706 524 2734 stoek
545 2717 723 2745 persougcs.
759 2708 828 2737 The
846 2708 905 2737 Su-

132 2750 235 2787 perior
265 2748 432 2778 Africanus
457 2748 482 2777 is
507 2749 673 2778 Africanus
703 2750 816 2788 Major,
843 2751 905 2780 and

131 2792 168 2822 T.
188 2792 354 2824 Quinctius
377 2791 571 2820 Flamininus
597 2792 622 2820 is
645 2792 699 2821 the
727 2803 904 2832 conqueror

131 2834 167 2863 of
181 2835 266 2873 King
284 2834 385 2873 Philip
401 2833 437 2863 of
449 2833 646 2863 Macedonia.

178 2878 226 2907 18.
253 2879 374 2912 timere,
411 2886 449 2906 ne
480 2877 649 2905 verendum
681 2877 806 2914 quidem
838 2879 899 2918 est]

132 2919 281 2949 ‘Vereri'
312 2919 389 2950 then
414 2919 441 2950 is
466 2919 528 2949 less
559 2918 636 2949 than
664 2919 816 2950 ‘tinwress
864 2921 901 2950 In

948 2493 1037 2524 reor'
1054 2495 1113 2524 and
1133 2498 1140 2511 ⁶
1154 2498 1260 2525 metuo
1273 2495 1280 2508 ’
1300 2495 1385 2536 (Vol.
1403 2496 1462 2537 ii.).
1508 2497 1547 2527 In
1571 2499 1650 2529 Phil.
1667 2500 1722 2530 xii.

949 2547 976 2567 0.
997 2538 1034 2568 12
1055 2537 1095 2566 he
1118 2548 1208 2577 says:
1234 2541 1255 2556 ‘⁴
1272 2539 1396 2569 Horum
1415 2550 1472 2578 ego
1497 2541 1722 2579 cogitationem

949 2590 1012 2610 non
1034 2591 1160 2617 νει-0οη
1185 2582 1338 2621 impetum
1367 2583 1589 2621 pertimesco.’'
1637 2585 1723 2614 Here

951 2633 998 2652 we
1022 2623 1100 2652 have
1116 2634 1134 2653 a
1150 2624 1220 2653 hint
1244 2634 1278 2653 as
1305 2628 1337 2654 to
1361 2625 1417 2654 the
1441 2635 1587 2656 common
1612 2637 1667 2657 use
1690 2627 1726 2657 of

952 2669 959 2682 ⁴
973 2666 1103 2702 vereor‚'
1118 2667 1220 2696 which
1236 2667 1262 2696 is
1278 2677 1317 2696 an
1334 2668 1563 2706 apprehension
1574 2670 1610 2699 of
1622 2669 1722 2699 men’s

951 2709 1092 2747 opinion,
1106 2709 1284 2747 judgment,
1304 2711 1366 2739 and
1390 2711 1443 2740 the
1466 2711 1547 2747 like;
1579 2723 1612 2742 as
1634 2715 1653 2729 “
1667 2712 1722 2741 sed

950 2761 1044 2780 unam
1062 2762 1128 2781 rem
1145 2762 1254 2782 vereor
1272 2763 1311 2782 ne
1331 2762 1394 2782 non
1410 2753 1524 2792 probes
1538 2754 1557 2767 ''
1576 2755 1671 2794 (Phil.
1688 2755 1720 2784 ii.

949 2804 974 2823 c.
991 2795 1043 2831 14)
1059 2806 1066 2829 ;
1092 2799 1111 2811 ‘⁶
1126 2795 1252 2824 Etenim
1271 2805 1379 2825 vereor
1394 2806 1434 2826 110
1449 2799 1504 2825 aut
1520 2797 1652 2826 celatum
1672 2808 1721 2827 me

948 2836 1009 2866 illis
1037 2837 1112 2876 ipsis
1133 2847 1196 2866 non
1214 2838 1394 2874 honestum,
1416 2842 1470 2868 aut
1489 2839 1653 2868 invitatum
1671 2850 1718 2869 re-

948 2879 1064 2916 fugisse
1087 2880 1163 2910 mihi
1184 2880 1225 2911 sit
1251 2881 1467 2920 turpissimum
1481 2880 1501 2894 ’⁷
1529 2880 1625 2921 (Phil.
1643 2883 1673 2912 ii.
1691 2894 1719 2914 c.

952 2923 1015 2962 13).
