1816 3211
703 184 837 227 CAP.
874 187 1054 227 10-12,
1595 189 1675 232 573

81 298 434 354 praestantissimi
468 298 569 340 civis
610 300 749 342 edicto
785 300 913 342 allato
953 305 1081 356 atque
1122 301 1353 357 proposito,
1386 300 1543 342 factum
1585 304 1676 357 ejus

82 362 375 410 collaudastis;
413 364 606 419 quodque
641 365 708 406 ille
744 365 898 406 bellum
933 366 1097 420 privato
1134 366 1306 408 consilio
1343 374 1599 422 susceperat,
1634 369 1676 408 id

81 443 154 469 vos
184 429 442 470 auctoritate
477 430 643 484 publica
677 431 998 485 comprobastis.
1061 431 1171 483 Quid
1203 432 1333 486 igitur
1366 432 1434 472 illo
1466 432 1532 472 die
1564 433 1676 473 aliud

81 493 229 548 egistis
250 493 328 534 nisi
351 499 397 534 ut
419 494 585 535 hostem
612 495 863 550 judicaretis
888 495 1149 537 Antonium?
1210 497 1294 537 His
1315 497 1466 538 vestris
1494 497 1676 539 decretis

78 563 152 599 aut
175 559 242 599 ille
263 573 336 599 vos
357 573 491 613 aequo
512 560 650 600 animo
673 560 858 615 aspicere
879 560 1037 615 poterit
1057 567 1131 602 aut
1154 576 1228 602 vos
1256 561 1370 601 illum
1398 561 1487 602 sine
1512 577 1676 603 summo

80 623 220 664 dolore
242 623 465 664 videbitis?
527 624 721 666 Exclusit
744 625 859 665 illum
880 640 904 665 a
926 640 971 666 re
993 626 1173 680 publica,
1198 626 1411 674 distraxit,
1435 628 1675 683 segregavit

78 704 163 730 non
194 689 328 729 solum
355 689 491 730 scelus
519 690 660 744 ipsius,
685 691 757 731 sed
789 691 929 740 etiam,
953 698 1001 732 ut
1028 692 1129 732 mihi
1156 692 1330 741 videtur,
1354 692 1523 733 fortuna
1551 708 1675 748 quae-

78 754 175 795 dam
196 753 255 794 rei
275 754 482 809 publicae.
545 755 624 808 Qui
647 756 681 796 si
703 756 855 810 legatis
875 758 1064 811 paruerit
1089 757 1349 812 Romamque
1370 758 1553 807 redierit,
1577 773 1675 799 num

79 819 244 874 quando
287 818 461 873 perditis
494 819 651 861 civibus
684 821 881 861 vexillum
917 836 999 876 quo
1036 827 1288 863 concurrant
1324 822 1564 863 defuturum
1599 839 1675 878 pu-

78 884 210 925 tatis?
271 883 355 924 Sed
390 884 470 925 hoc
507 884 645 926 minus
673 900 843 926 vereor:
878 892 978 927 sunt
1013 887 1095 928 alia
1128 902 1232 942 quae
1263 887 1399 941 magis
1427 887 1598 928 timeam
1631 893 1676 929 et

78 949 272 1004 cogitem.
335 949 575 1005 Numquam
597 951 763 1006 parebit
786 951 853 992 ille
874 951 1040 1006 legatis.
1103 952 1211 993 Novi
1242 952 1423 993 hominis
1453 953 1673 1002 insaniam,

76 1015 384 1070 arrogantiam:
419 1016 514 1057 novi
551 1017 718 1072 perdita
753 1017 925 1058 consilia
951 1018 1192 1068 amicorum,
1222 1018 1374 1073 quibus
1406 1018 1472 1059 ille
1505 1023 1571 1059 est
1605 1019 1674 1059 de-

77 1080 203 1122 ditus.
267 1080 424 1123 Lucius
447 1081 614 1136 quidem
640 1082 772 1124 frater
793 1083 898 1137 ejus,
921 1088 1070 1138 utpote
1102 1083 1171 1138 qui
1201 1098 1377 1138 peregre
1409 1084 1671 1139 depugnarit,

75 1146 273 1187 familiam
306 1147 434 1188 ducit.
499 1147 564 1188 Sit
592 1162 667 1202 per
693 1163 738 1188 se
770 1148 860 1203 ipse
888 1163 1027 1197 sanuS,
1057 1149 1169 1203 quod
1204 1163 1431 1204 numquam
1459 1149 1565 1197 erit;
1613 1165 1674 1190 )er

75 1211 152 1252 hos
193 1226 284 1253 esse
319 1212 356 1253 ei
392 1216 535 1253 tamen
575 1227 659 1253 non
699 1213 853 1254 licebit.
916 1213 1095 1254 Teretur
1135 1213 1296 1255 interea
1336 1220 1531 1269 te1npus;
1578 1215 1673 1256 belli

74 1282 302 1332 apparatus
335 1278 624 1332 refrigescent.
687 1277 815 1319 Unde
845 1283 910 1319 est
937 1279 1073 1319 adhuc
1101 1279 1257 1320 bellum
1289 1284 1471 1320 tractum
1508 1280 1587 1320 nisi
1620 1296 1673 1321 ex

75 1342 360 1384 retardatione
401 1347 444 1383 et
480 1344 622 1384 mora?
685 1343 750 1384 Ut
785 1343 964 1398 primum
999 1350 1095 1399 post
1133 1344 1363 1385 discessum
1398 1345 1574 1386 latronis
1608 1346 1672 1387 vel

74 1407 216 1461 potius
256 1407 521 1462 desperatam
561 1408 703 1463 fugam
744 1408 874 1449 libere
914 1416 1087 1450 senatus
1128 1409 1273 1450 haberi
1314 1410 1468 1465 potuit,
1510 1426 1673 1467 semper

74 1471 259 1527 flagitavi
294 1478 343 1513 ut
383 1488 723 1514 convocaremur.
799 1474 889 1526 Quo
926 1474 993 1514 die
1034 1474 1210 1529 primum
1252 1476 1473 1517 convocati
1513 1491 1670 1525 sumus,

75 1552 203 1592 quum
225 1538 432 1593 designati
455 1538 649 1580 consules
680 1554 762 1579 non
790 1539 1000 1589 adessent,
1020 1540 1104 1593 jeci
1135 1541 1345 1581 sententia
1372 1556 1464 1581 mea
1492 1542 1672 1582 maximo

72 1608 212 1643 vestro
257 1617 466 1644 consensu
506 1604 781 1644 fundamenta
821 1604 881 1644 rei
923 1604 1112 1659 publicae
1162 1605 1296 1645 serius
1338 1606 1505 1647 omnino
1547 1622 1672 1662 quam

73 1667 224 1717 decuit,
249 1682 324 1708 nec
346 1668 456 1708 enim
477 1673 577 1709 ante
598 1668 729 1723 potui,
753 1669 825 1709 sed
847 1674 989 1710 tamen
1011 1669 1044 1709 si
1067 1684 1118 1709 ex
1141 1684 1190 1710 eo
1212 1675 1400 1725 tempore
1423 1671 1512 1712 dies
1535 1673 1671 1713 nullus

71 1732 335 1774 intermissus
357 1738 481 1783 esset,
505 1734 659 1774 bellum
690 1734 881 1789 profecto
909 1735 1068 1774 nullum
1101 1735 1363 1777 haberemus.
1428 1736 1561 1777 Omne
1587 1753 1670 1778 nia-

70 1798 155 1839 lum
184 1813 363 1839 nascens
390 1799 512 1840 facile
546 1799 819 1854 opprimit-ur:
855 1799 1147 1841 inveteratum.
1168 1800 1218 1842 fit
1247 1801 1489 1856 plerumque
1525 1803 1670 1844 robus-

70 1863 169 1905 tius.
231 1863 314 1904 Sed
346 1869 438 1904 tum
469 1865 827 1919 exspectabantur
856 1864 1073 1906 Kalendae
1102 1864 1131 1905 J
1136 1866 1343 1911 annariae.
1376 1867 1555 1908 fortasse
1587 1883 1670 1908 non

70 1933 199 1970 recte.
262 1929 376 1970 XII.
410 1928 572 1970 Verum
594 1930 823 1984 praeterita
840 1930 1099 1971 omittamus.
1162 1930 1360 1972 Etiamne
1384 1932 1489 1973 hanc
1511 1948 1670 1974 moram

73 1993 331 2048 [afferemus]
370 1995 468 2035 dum
497 1995 816 2050 proficiscantur
850 1995 990 2050 legati,
1023 1995 1122 2036 dum
1155 1999 1449 2039 revertantur?
1488 2012 1669 2053 quorum

113 2154 188 2174 num
206 2144 349 2184 quando]
371 2144 424 2180 D.‚
441 2147 448 2162 ⁴
463 2154 637 2184 numquam
650 2145 657 2158 ’
674 2145 714 2174 V.
740 2145 846 2174 ‘Num
892 2154 962 2183 says
979 2144 1049 2174 that
1064 2144 1105 2174 hc
1120 2145 1176 2174 has
1198 2144 1297 2174 found
1318 2145 1372 2175 the
1398 2146 1579 2184 expression
1602 2150 1609 2163 ⁴
1622 2147 1667 2176 fn-

69 2197 221 2227 umquam
235 2187 241 2199 ’
262 2188 295 2217 P.
315 2188 383 2217 uic.
405 2188 591 2224 Muellerus,
614 2188 675 2217 and
696 2188 847 2217 Ilalm.—-
892 2188 1010 2216 miliam
1024 2188 1137 2217 ducere
1151 2188 1158 2200 ’
1176 2188 1266 2217 three
1290 2188 1382 2217 times
1399 2189 1430 2217 in
1448 2189 1568 2219 Cicero.
1619 2190 1668 2219 He

70 2234 77 2248 ‘
93 2231 241 2261 vexillum
265 2241 327 2270 quo
352 2234 540 2260 concurrant
555 2230 574 2259 :’
614 2230 676 2260 11115
704 2240 766 2259 was
793 2230 848 2260 the
892 2235 1002 2269 quotes
1028 2230 1116 2260 these
1132 2234 1194 2259 two
1211 2241 1357 2269 passages
1373 2231 1434 2260 and
1451 2242 1469 2260 a
1486 2232 1568 2261 third
1586 2232 1666 2262 from

68 2284 124 2304 use
154 2274 189 2304 of
219 2284 238 2304 a
266 2273 453 2304 ‘vexillum'
492 2284 528 2303 or
566 2273 637 2311 flag.
685 2273 845 2303 “Caesari
890 2273 944 2302 the
967 2273 1016 2302 De
1037 2272 1166 2303 Finibus
1195 2273 1281 2312 (Lib.
1300 2273 1375 2312 11·.);
1403 2274 1499 2304 “Sed
1528 2276 1666 2314 primum

67 2317 173 2347 omnia
189 2327 251 2347 uno
269 2320 411 2356 ternpore
424 2320 515 2346 erant
531 2316 669 2354 agenda:
696 2316 845 2345 vexillum
890 2315 967 2344 illud
982 2315 1071 2344 vide:
1096 2316 1311 2354 gravissimam
1330 2316 1414 2346 illam
1433 2322 1567 2347 vestram
1594 2329 1665 2348 sen-

68 2360 323 2400 proponendum,
352 2360 435 2399 quod
463 2363 530 2388 erat
555 2359 676 2396 insigne
694 2369 791 2398 quum
808 2358 847 2387 ad
891 2359 1035 2394 tentiam,
1067 2369 1148 2397 quac
1186 2359 1336 2389 familiam
1368 2360 1464 2395 ducit,
1496 2361 1665 2392 honestum

66 2413 154 2434 arma
184 2403 327 2433 concurri
365 2402 558 2442 oporteret''
602 2402 656 2442 (Β.
685 2403 724 2432 G.
756 2402 787 2431 ii.
819 2411 845 2430 c.
892 2401 975 2440 quod
1002 2402 1052 2436 sit,
1070 2401 1099 2430 id
1117 2412 1184 2431 esse
1202 2402 1302 2431 solum
1322 2402 1451 2437 bonnm.
1470 2403 1666 2444 honesteque

67 2446 136 2486 20),
887 2445 990 2473 vivere
1008 2444 1161 2474 bonorum
1180 2445 1312 2478 tinem.”
1362 2446 1412 2476 lle
1426 2448 1578 2487 1“1)1’1·1·1·11)1
1595 2458 1665 2487 says

111 2488 320 2527 depnynarit]
370 2488 420 2517 An
447 2488 580 2517 allusion
603 2491 635 2517 to
652 2487 699 2516 his
726 2486 842 2524 having
888 2487 955 2516 that
970 2487 1080 2517 Cicero
1092 2498 1163 2518 uses
1179 2488 1240 2517 this
1253 2490 1436 2528 expression
1455 2493 1472 2506 ·‘
1485 2500 1556 2519 euin
1574 2501 1663 2530 prae-

67 2531 180 2569 fought
203 2541 236 2560 as
261 2542 279 2560 a
309 2531 471 2568 gladiator.
519 2531 705 2560 ‘Familiam
734 2530 819 2559 1111111,
833 2530 840 2542 ’
887 2530 1013 2569 eipnuin
1025 2531 1142 2570 aliquid
1155 2531 1320 2568 signifieat,
1334 2533 1663 2573 quodqueprincipem

67 2584 175 2604 means
197 2574 267 2603 thar,
282 2584 300 2603 a
317 2584 388 2602 inan
406 2574 431 2602 is
449 2573 502 2602 the
519 2573 597 2602 head
615 2574 649 2602 of
666 2584 684 2602 a
702 2577 790 2611 party
808 2583 843 2602 or
887 2573 919 2603 111
935 2583 968 2602 re
985 2574 1129 2613 quapiam
1148 2574 1290 2604 obtineat
1307 2575 1446 2605 locuin.''

66 2617 122 2646 the
138 2617 220 2653 lil‹e;
243 2627 277 2646 as
299 2617 409 2646 Cicero
435 2626 504 2655 says
526 2616 562 2645 of
581 2615 759 2650 Trclmtius,
778 2616 843 2645 11111
932 2617 1088 2656 tractum]
1137 2617 1176 2647 V.
1226 2618 1254 2647 lt
1286 2618 1311 2647 15
1350 2618 1482 2648 omitted
1513 2619 1544 2648 111
1577 2620 1663 2649 D.—

66 2660 159 2689 lelter
179 2664 211 2689 to
226 2660 260 2689 C.
280 2660 394 2689 Caesar
412 2659 542 2697 (n.e.54
559 2671 564 2687 :
595 2659 643 2688 Ad
657 2659 728 2688 niv.
743 2658 792 2687 vii.
806 2659 841 2698 5)
889 2661 895 2675 ‘
910 2659 982 2691 Quo
1010 2659 1059 2689 die
1085 2660 1220 2698 primuni
1238 2660 1256 2690 ι’
1281 2672 1322 2690 on
1348 2662 1401 2691 the
1426 2662 1485 2701 day
1502 2662 1591 2692 when
1609 2663 1663 2692 the

66 2703 142 2733 then
160 2703 189 2731 in
207 2702 309 2731 Gallia
331 2714 337 2731 :
364 2704 382 2718 “
396 2702 525 2731 Accedit
541 2702 633 2731 etiarn
652 2701 734 2741 quod
752 2702 842 2731 smni-
887 2701 985 2732 Third
1004 2702 1159 2742 Philippie
1176 2713 1237 2733 was
1255 2704 1387 2744 spoken.

65 2746 139 2776 liam
157 2745 243 2775 ducit
259 2745 289 2774 in
305 2745 374 2783 jure
396 2745 475 2773 civili
493 2745 658 2781 singularis
681 2745 841 2780 momoria,
935 2746 982 2775 12.
1012 2745 1234 2785 [qfferemaafl]
1285 2750 1302 2763 ¹⁴
1318 2747 1348 2776 in
1362 2747 1399 2776 V.
1418 2757 1460 2777 111.
1478 2749 1497 2777 2
1515 2747 1544 2776 111
1563 2757 1659 2784 marg.

65 2799 189 2818 sumnia
205 2786 370 2817 scientiaJ'
408 2788 492 2817 llere
506 2787 592 2817 there
609 2797 710 2817 seems
726 2787 808 2817 tobe
823 2798 841 2817 a
885 2788 1052 2827 supplevit.
1099 2789 1179 2818 Cum
1202 2793 1249 2819 tot
1277 2789 1440 2828 ellipsihus
1465 2790 1495 2819 in
1517 2790 1564 2818 1115
1591 2800 1660 2818 ora-

65 2833 135 2871 play
160 2842 201 2861 1111
227 2831 281 2861 the
307 2830 392 2860 word
410 2836 416 2847 ⁸
433 2830 570 2866 {annilia‚’
599 2830 699 2859 which
726 2841 841 2870 among
886 2831 1024 2861 tionibus
1042 2832 1107 2861 Cic..
1123 2842 1197 2861 usus
1214 2836 1272 2867 est,
1287 2832 1338 2862 1111·
1350 2843 1474 2872 quoque
1491 2833 1661 2869 (alstemus

65 2875 156 2904 other
172 2874 334 2913 meanings
351 2874 488 2911 signilies
503 2884 521 2902 a
538 2872 619 2912 body
636 2873 671 2903 of
690 2873 790 2903 slaves
806 2883 841 2903 ‹n-
884 2884 922 2903 ex
940 2874 1180 2913 interpolatione
1196 2875 1353 2914 adjectum
1369 2886 1436 2905 esse
1457 2874 1659 2904 statuendum

64 2917 246 2956 gladiators.
294 2917 440 2947 Muretus
465 2916 554 2956 (var.
578 2916 664 2947 Lect.
682 2916 721 2946 iv.
739 2926 766 2946 e.
787 2915 839 2956 17)
885 2915 975 2947 erit''
1002 2917 1144 2957 (ilnhn).
