1816 3211
126 184 208 223 540
291 181 467 224 ORAT.
502 181 1015 224 PHILIPPIOARUM
1050 181 1235 223 LIBER
1267 182 1547 225 TERTIUS.

125 311 275 337 nomen
316 295 508 337 Caesaris
548 295 862 350 exercitumque
903 295 1128 351 pertimuit,
1169 295 1454 350 neglectisque
1494 297 1711 338 sacrificiis

125 361 390 402 sollemnibus
406 366 504 402 ante
525 362 659 401 lucem
682 365 780 401 vota
803 375 850 400 ea
867 375 971 414 quae
988 375 1213 414 numquam
1231 361 1412 401 solveret
1428 363 1681 417 nuncupavit
1697 380 1706 409 ς

125 431 168 467 et
204 426 281 467 hoc
313 431 499 480 tempore
531 425 572 465 in
607 424 863 479 provinciam
900 424 1040 478 populi
1075 424 1253 464 Romani
1291 430 1466 465 conatur
1502 426 1709 467 invadere.

127 491 270 545 Majus
306 491 433 545 igitur
464 505 489 530 a
518 491 571 530 D.
603 489 737 529 Bruto
773 489 1021 529 beneficium
1057 489 1233 544 populus
1265 490 1482 531 Romanus
1511 496 1554 531 et
1585 491 1712 532 habet

124 561 167 597 et
188 560 406 610 exspectat
427 569 550 609 quam
573 554 752 607 majores
780 554 913 594 nostri
934 560 1189 609 acceperunt
1221 569 1246 594 a
1276 554 1324 595 L.
1349 554 1494 604 Bruto,
1530 554 1712 609 principe

123 620 248 674 hujus
279 619 456 660 maxime
485 617 756 659 conservandi
789 619 953 673 generis
988 624 1032 660 et
1062 619 1253 660 nominis.
1315 619 1372 660 V.
1407 619 1542 670 Quum
1571 625 1713 660 autem

123 685 256 725 omnis
277 684 456 725 servitus
478 689 542 724 est
563 683 725 733 misera⁷
749 688 839 724 turn
860 698 956 724 vero
977 683 1250 725 intolerabilis
1273 688 1338 725 est
1359 684 1512 724 servire
1534 684 1709 739 impuro,

122 749 344 804 impudicQ
369 748 618 796 effeminato,
641 762 867 802 numquam
888 763 940 789 ne
973 749 1013 788 in
1042 753 1155 789 metu
1184 748 1350 804 quidem
1373 749 1524 789 sobrio.
1587 748 1713 789 Hunc

122 814 250 868 igitur
270 814 339 869 qui
363 813 497 853 Gallia
518 812 724 867 prohibet,
748 812 911 866 privato
934 813 1179 867 praesertim
1202 813 1387 862 consilio,
1406 813 1570 867 judicat
1586 813 1712 854 veris-

122 879 307 933 simeque
332 878 496 932 judicat
516 892 599 917 non
620 891 711 917 esse
741 877 965 918 consulem.
1029 877 1286 918 Faciendum
1320 882 1385 918 est
1417 877 1547 932 igitur
1580 877 1711 927 nobis⁷

121 948 263 998 patres
286 942 526 997 conscripti,
549 946 598 983 ut
627 942 680 982 D.
705 941 828 982 Bruti
860 942 1066 995 privatum
1087 942 1303 983 consilium
1324 941 1580 983 auctoritate
1610 943 1713 997 pub-

121 1009 201 1049 lica
223 1008 553 1062 comprobemus.
617 1006 705 1046 Nec
727 1021 826 1046 vero
850 1006 912 1046 M.
935 1007 1170 1047 Antonium
1191 1007 1403 1047 consulem
1435 1011 1532 1061 post
1555 1006 1712 1061 Luper-

123 1073 228 1114 calia
247 1073 451 1114 debuistis
472 1077 634 1127 putare.
698 1071 791 1122 Quo
813 1071 922 1111 enim
950 1071 1017 1112 ille
1047 1071 1113 1112 die
1144 1072 1295 1126 populo
1329 1071 1520 1112 Romano
1553 1071 1712 1126 inspec—

121 1142 254 1188 tante,
278 1138 426 1186 nudus,
461 1142 625 1186 unctus,
650 1135 789 1176 ebrius
820 1140 885 1176 est
913 1136 1179 1177 contionatus
1200 1141 1242 1176 et
1270 1135 1312 1175 id
1343 1136 1431 1190 egit
1458 1141 1505 1176 ut
1532 1136 1713 1190 collegae

122 1203 312 1243 diadema
333 1202 576 1256 imponeret,
597 1215 647 1241 eo
670 1200 735 1240 die
756 1215 800 1240 se
821 1214 903 1240 non
925 1201 1048 1240 modo
1070 1200 1303 1248 consulatu,
1326 1201 1399 1240 sed
1431 1200 1559 1240 etiam
1589 1201 1713 1240 liber-

121 1272 212 1309 tate
234 1266 456 1307 abdicavit.
518 1265 648 1306 Esset
670 1265 780 1305 enim
801 1264 878 1319 ipsi
902 1270 1016 1305 certe
1038 1264 1184 1305 statim
1206 1264 1478 1313 serviendum,
1502 1265 1535 1305 si
1560 1264 1714 1305 Caesar

120 1333 174 1372 ab
195 1346 243 1372 eo
266 1331 382 1386 regni
404 1330 583 1385 insignia
603 1329 791 1384 accipere
813 1329 1025 1370 voluisset.
1088 1329 1214 1369 Hunc
1237 1329 1364 1383 igitur
1386 1344 1464 1384 ego
1487 1331 1710 1381 consulem,

120 1397 229 1437 hunc
252 1397 381 1437 civem
404 1396 651 1444 Romanum„
667 1395 775 1435 hunc
797 1395 984 1445 liberum,
1004 1395 1113 1435 hunc
1131 1394 1306 1449 denique
1323 1395 1531 1435 hominem
1553 1400 1712 1449 putem5

122 1461 190 1516 qui
211 1462 332 1502 foedo
356 1461 425 1502 illo
455 1467 497 1502 et
524 1460 735 1515 flagitioso
768 1459 834 1499 die
866 1465 910 1500 et
937 1459 1036 1515 quid
1067 1459 1155 1514 pati
1179 1459 1357 1501 Caesare
1379 1460 1470 1500 vivo
1497 1465 1640 1515 posset
1669 1463 1713 1501 et

121 1527 219 1581 quid
241 1541 288 1567 eo
310 1531 477 1567 mortuo
499 1525 696 1580 consequi
724 1524 812 1579 ipse
844 1529 1017 1579 cuperet
1051 1525 1263 1565 ostendit?
1324 1524 1412 1565 Nec
1435 1539 1531 1566 vero
1562 1525 1612 1564 de
1634 1524 1710 1564 vir-

121 1595 228 1640 tute,
258 1591 509 1639 constantia,
539 1590 750 1645 gravitate
785 1589 1024 1644 provinciae
1054 1589 1214 1630 Galliae
1247 1589 1379 1630 taceri
1411 1593 1569 1644 potest.
1630 1588 1711 1630 Est

123 1657 233 1697 enim
268 1656 334 1697 ille
367 1656 444 1697 fios
478 1655 639 1705 Italiae,
677 1655 776 1696 illud
807 1655 1115 1695 firmamentum
1151 1654 1314 1709 imperii
1348 1654 1487 1709 populi
1520 1654 1711 1704 Romani,

122 1721 221 1761 illud
243 1727 532 1762 ornamentum
553 1719 786 1775 dignitatis.
849 1719 1010 1759 Tantus
1031 1724 1173 1759 autem
1195 1724 1261 1759 est
1291 1733 1518 1759 consensus
1538 1718 1710 1759 munici-

122 1786 283 1841 piorum
306 1785 641 1838 coloniarumque
663 1783 896 1838 provinciae
916 1783 1087 1831 Galliae,
1105 1788 1152 1823 ut
1174 1797 1317 1823 omnes
1338 1784 1392 1823 ad
1413 1783 1710 1824 auctoritatem

122 1851 246 1904 hujus
274 1849 430 1889 ordinis
461 1849 810 1902 majestatemque
842 1847 981 1902 populi
1014 1847 1194 1887 Romani
1228 1848 1528 1888 defendendam
1550 1849 1710 1903 conspi-

123 1929 238 1954 rasse
260 1914 489 1954 videantur.
552 1913 843 1964 Quamobrem,
875 1911 1031 1952 tribuni
1066 1912 1212 1966 plebis,
1241 1927 1489 1967 quamquam
1510 1928 1584 1954 vos
1609 1913 1710 1953 nihil

123 1979 235 2019 aliud
258 1978 336 2018 nisi
359 1979 409 2018 de
426 1976 642 2032 praesidio,
662 1982 710 2017 ut
726 1981 917 2017 senatum
938 1981 1033 2017 tuto
1055 1977 1245 2017 consules
1269 1977 1472 2017 Kalendis
1495 1977 1524 2017 J
1528 1978 1710 2018 anuariis

124 2044 276 2084 habere
290 2047 464 2097 possent
478 2041 713 2090 rettulistis⁷
730 2046 870 2081 tamen
884 2040 983 2080 mihi
1006 2040 1199 2081 videmini
1217 2056 1369 2096 magno
1388 2042 1560 2082 consilio
1581 2048 1709 2097 atque

124 2108 281 2163 optima
301 2111 441 2148 mente
463 2111 716 2161 potestatem
737 2106 857 2146 nobis
883 2107 933 2146 de
965 2110 1060 2146 tota
1091 2121 1135 2145 re
1167 2106 1331 2160 publica
1364 2107 1510 2147 fecisse
1531 2107 1707 2147 dicendi.

127 2174 263 2225 Quum
284 2172 393 2214 enim
414 2176 507 2213 tuto
528 2177 720 2211 senatum
748 2170 891 2212 haberi
923 2170 1012 2211 sine
1044 2170 1252 2226 praesidio
1285 2185 1367 2211 non
1395 2186 1517 2227 posse
1547 2172 1708 2226 judica-

167 2353 336 2391 sacrificz'is
349 2350 567 2389 sollemnibus]
606 2350 689 2379 Such
705 2360 737 2379 as
753 2359 771 2379 a
784 2350 892 2380 consul

125 2395 203 2425 used
218 2398 250 2424 to
271 2394 362 2423 make
384 2393 491 2422 before
514 2392 554 2422 he
571 2395 617 2422 set
633 2396 689 2422 out
705 2396 738 2422 to
754 2393 802 2422 his
820 2403 891 2432 pro-

937 2352 983 2380 est
1013 2360 1099 2380 more
1128 2352 1268 2379 veterum
1303 2349 1357 2389 qui
1387 2350 1507 2380 vocales
1538 2350 1708 2390 conjunge-

937 2392 1102 2422 bant.''—-‘
1117 2393 1237 2432 privato
1253 2393 1433 2431 praesertim
1450 2392 1470 2422 z’
1496 2393 1537 2423 D.
1589 2393 1707 2423 Brutus

125 2438 223 2467 vince.
269 2437 312 2466 At
328 2436 382 2465 the
405 2445 489 2465 same
505 2436 580 2464 time
601 2435 639 2464 116
662 2435 738 2464 used
754 2439 786 2464 to
802 2436 893 2465 make

124 2491 208 2510 vows
226 2478 248 2519 (⁴
261 2483 333 2508 vota
349 2477 579 2517 nuncupabat')
596 2478 644 2507 for
659 2488 678 2506 a
692 2478 796 2517 happy
811 2478 894 2507 issue

125 2526 158 2552 to
181 2523 230 2552 his
250 2522 362 2556 affairs,
378 2521 437 2550 and
454 2521 508 2549 the
523 2530 606 2549 vows
622 2530 701 2550 were
718 2521 893 2559 performed

125 2565 216 2595 when
240 2565 279 2594 116
301 2563 467 2597 returne(l;
491 2563 517 2591 if
536 2563 576 2591 he
598 2573 659 2592 was
680 2563 859 2599 successful,
877 2563 892 2592 I

126 2617 271 2647 suppose.
318 2607 351 2636 If
370 2606 410 2635 he
437 2608 490 2643 got
510 2605 643 2643 nothing
664 2605 705 2643 by
729 2606 776 2634 his
798 2616 893 2641 vows‚

126 2651 160 2680 of
188 2659 297 2680 course
327 2649 367 2678 he
394 2648 454 2677 had
477 2648 610 2685 nothing
633 2651 665 2676 to
688 2648 727 2677 be
749 2648 893 2677 thankful

125 2693 182 2723 for.
229 2693 337 2723 Cicero
361 2701 430 2730 says
452 2690 521 2719 that
538 2690 694 2719 Antonius
718 2690 777 2719 will
800 2700 894 2720 never

126 2737 203 2766 have
233 2738 266 2764 to
296 2745 356 2774 pay
382 2733 431 2762 his
457 2742 550 2762 vows.
598 2732 656 2761 His
683 2733 742 2762 end
766 2733 828 2762 will
854 2733 893 2762 be

126 2778 197 2808 bad.
244 2778 285 2807 So
301 2777 326 2807 it
342 2786 420 2812 was;
443 2775 501 2805 but
517 2774 653 2804 Cicero's
669 2785 755 2804 came
771 2775 848 2805 first.

169 2824 199 2851 5.
231 2819 458 2854 intolerabilis]
509 2817 545 2846 V.
577 2817 618 2846 D.
652 2817 757 2846 Halm.
815 2818 892 2847 ‘In-

125 2861 302 2893 tolerabile’
328 2863 353 2892 is
377 2860 432 2891 the
456 2869 601 2890 common
625 2859 752 2898 reading
779 2860 811 2888 in
839 2861 893 2889 the

126 2907 271 2937 editions.
319 2905 477 2935 Ferrarius
501 2905 641 2942 suggests
659 2904 678 2918 “
693 2902 891 2932 intolerabil’

936 2435 998 2465 had
1035 2445 1077 2464 no
1108 2435 1311 2464 instructions
1347 2435 1426 2464 from
1457 2435 1511 2465 the
1538 2439 1644 2465 senate
1673 2440 1707 2465 to

938 2478 1017 2517 keep
1047 2478 1101 2507 the
1131 2478 1240 2507 consul
1270 2478 1429 2507 Antonius
1459 2481 1516 2508 out
1544 2478 1580 2507 of
1606 2478 1708 2509 Gallia

938 2520 1107 2560 Cisalpina.

981 2562 1191 2601 Lupercalia]
1242 2562 1299 2592 See
1338 2562 1393 2592 the
1427 2563 1553 2602 general
1583 2563 1705 2593 Introd.

937 2606 999 2635 and
1016 2605 1095 2635 Phil.
1112 2606 1144 2635 ii.
1161 2615 1187 2634 c.
1205 2606 1255 2635 34.

981 2649 1104 2678 tribuni
1128 2647 1249 2686 plebis]
1308 2647 1365 2677 See
1392 2657 1417 2677 c.
1447 2649 1496 2677 15.
1546 2647 1705 2677 Antonius

936 2689 993 2720 left
1011 2691 1112 2720 Rome
1129 2699 1178 2720 lv.
1198 2690 1269 2719 Kal.
1292 2690 1369 2720 Dec.
1415 2690 1483 2719 The
1498 2690 1629 2719 Tribuni
1650 2699 1704 2718 en-

937 2733 1023 2762 tered
1044 2743 1086 2762 on
1107 2733 1189 2762 their
1209 2733 1296 2762 office
1313 2742 1361 2762 lv.
1380 2732 1428 2762 Id.
1446 2733 1523 2762 Dec.
1540 2732 1705 2770 according

936 2778 970 2805 to
995 2781 1126 2812 custom,
1150 2775 1208 2804 but
1231 2776 1305 2814 they
1328 2775 1380 2804 did
1403 2778 1459 2805 not
1481 2783 1627 2804 summon
1650 2775 1705 2803 the

937 2821 1043 2847 senate
1072 2818 1119 2848 till
1149 2827 1230 2848 X111.
1264 2818 1336 2848 Kal.
1368 2817 1445 2846 Dec.
1496 2816 1705 2855 Accordingly

937 2860 1045 2890 Cicero
1071 2870 1140 2899 says
1167 2860 1207 2900 (e.
1234 2859 1278 2900 l),
1303 2860 1440 2890 “Serius
1463 2857 1620 2888 omnin0'’
1647 2862 1703 2889 διο.

938 2902 1141 2943 (Manutius.)
