1899 3227
246 184 298 224 (30
698 185 875 227 ORAT.
909 187 1028 228 PRO
1064 188 1126 229 M.
1160 187 1388 229 CAELIO

246 292 443 337 Vicinum
474 298 832 340 adolescentulum
864 300 1091 355 aspexisti:
1134 301 1288 341 candor
1319 301 1441 354 hujus
1473 304 1516 341 te
1542 305 1585 342 et
1605 301 1836 356 proceritas

243 362 382 403 vultus
404 363 591 418 oculique
612 365 862 419 pepulerunt
881 382 888 405 :
928 365 1093 419 saepius
1114 366 1252 405 videre
1274 365 1439 405 voluisti
1457 381 1464 404 ε
1498 365 1614 406 fuisti
1636 381 1837 407 nonnum-

241 441 366 481 quam
387 428 428 468 in
451 428 595 468 iisdem
619 429 776 475 liortis;
813 430 873 469 vis
894 430 1042 470 nobilis
1064 430 1209 469 mulier
1230 429 1345 469 illiiin
1366 429 1496 469 filium
1517 430 1694 472 familias
1716 438 1836 486 patre

240 506 366 546 parco
389 508 436 533 ac
460 494 594 534 tenaci
621 494 770 533 habere
792 494 877 533 tuis
899 494 1028 547 copiis
1049 494 1311 534 devinctum:
1346 509 1428 534 non
1449 500 1593 549 potes:
1628 498 1832 546 calcitrat,

240 558 409 612 respuit,
439 573 518 597 non
552 563 673 612 putat
705 562 778 597 tua
814 558 922 598 dona
957 573 1047 598 esse
1082 559 1204 598 tanti.
1267 558 1419 599 Confer
1451 564 1494 600 te
1530 560 1624 601 alio.
1687 561 1834 602 Habes

239 622 385 663 hortos
406 623 459 662 ad
482 622 677 671 Tiberim,
696 637 744 662 ac
761 622 983 676 diligenter
1005 637 1053 663 eo
1075 623 1165 663 loco
1188 623 1358 677 parasti,
1377 637 1458 677 quo
1482 624 1616 664 omnis
1633 625 1833 678 juventus

239 688 409 728 natandi
433 702 581 728 caussa
603 688 726 728 venit.
791 687 902 727 Hinc
933 687 1031 728 licet
1062 687 1321 728 conditiones
1342 688 1527 742 quotidie
1557 688 1686 743 legas.
1749 689 1835 731 Cur

238 752 333 793 huic
355 753 424 807 qui
447 760 489 794 te
511 753 671 807 spernit
692 752 868 792 molesta
890 754 960 793 es?

297 818 431 859 XVI.
465 818 607 858 Redeo
636 832 746 857 nunc
778 818 830 857 ad
866 822 921 866 te,
947 816 1073 867 Caeli,
1100 817 1295 865 vicissim,
1325 831 1373 858 ac
1403 817 1504 857 mihi
1534 818 1833 860 auctoritatem

237 883 416 938 patriam
447 883 795 943 severitatemque
826 882 1031 937 suscipio:
1070 883 1142 922 sed
1176 882 1321 922 dubito
1353 896 1475 936 quein
1508 888 1672 937 patrem
1702 883 1832 938 potis-

236 948 384 988 simum
406 962 590 995 sumam3
628 947 963 988 Caecilianumne
983 947 1161 1001 aliquem
1183 947 1469 987 vehementem
1490 953 1616 1001 atque
1638 948 1815 988 durum?

352 1039 377 1056 ‘²
396 1034 518 1075 Nunc
544 1034 651 1075 enim
674 1035 839 1074 deinum
860 1034 915 1074 ini
937 1034 1099 1075 animus
1123 1034 1257 1084 ardet,
1278 1047 1388 1074 nunc
1419 1048 1558 1074 meum
1589 1048 1660 1075 cor
1691 1049 1832 1076 cumu-

691 1099 800 1139 latur
821 1099 922 1142 ira.”

236 1169 328 1208 Aut
350 1166 473 1215 illuni,
497 1190 552 1195 -—
575 1189 629 1195 —

349 1237 375 1254 ‘⁴
392 1231 427 1271 Ο
450 1230 603 1276 infelix,
627 1244 650 1270 o
672 1229 847 1270 sceleste
864 1229 887 1245 '⁹
911 1253 964 1258 —
987 1253 1043 1260 —

235 1313 378 1354 Ferrei
410 1316 509 1352 sunt
537 1311 606 1352 isti
639 1315 803 1365 patres:
841 1314 864 1331 ‘⁴
880 1310 1026 1363 Egone
1059 1309 1158 1363 quid
1192 1309 1352 1349 dicam?
1392 1323 1524 1364 egone
1555 1308 1653 1364 quid
1684 1309 1830 1351 velim?

234 1379 351 1430 Quae
386 1382 433 1418 tu
469 1376 606 1416 onmia
640 1375 724 1415 tuis
757 1374 888 1414 foedis
915 1374 1038 1415 factis
1068 1374 1183 1423 facis,
1208 1379 1252 1414 ut
1282 1374 1534 1428 nequiquam
1555 1373 1676 1414 veliin
1691 1373 1728 1414 :⁵³
1760 1374 1830 1415 vix

230 1442 400 1483 ferendi.
463 1441 635 1481 Diceret
667 1440 763 1481 talis
794 1444 938 1494 pater:
984 1444 1009 1460 ‘⁴
1029 1438 1113 1479 Gur
1134 1443 1176 1479 te
1198 1439 1238 1478 in
1264 1438 1388 1479 istam
1411 1438 1668 1480 vicinitatem
1698 1453 1829 1479 mere-

232 1509 395 1550 triciam
435 1505 676 1546 contulisti?
752 1504 836 1545 Oui·
876 1503 1080 1544 illecebris
1120 1503 1301 1558 cognitis
1337 1518 1420 1543 non
1461 1503 1678 1558 refugisti?
1744 1503 1829 1544 Cur

230 1573 405 1614 alienam
427 1572 551 1612 ullam
574 1571 785 1611 mulierem
806 1569 943 1610 nosti?
1004 1569 1114 1608 Dide
1135 1583 1183 1609 ac
1202 1568 1365 1616 dissice,
1383 1584 1458 1623 per
1478 1583 1543 1609 ine
1564 1568 1719 1609 licebit.
1783 1568 1828 1609 Si

230 1638 382 1693 egebis,
421 1636 498 1677 tibi
535 1635 704 1682 dolebit,
737 1634 837 1674 inihi
878 1639 945 1674 sat
985 1638 1050 1674 est
1091 1633 1160 1687 qui
1196 1633 1349 1674 aetatis
1385 1633 1496 1687 quod
1526 1633 1731 1688 reliquum
1763 1638 1829 1674 est

230 1705 436 1745 oblectem
463 1701 619 1741 ineae.”
683 1700 797 1740 Huic
829 1699 940 1740 tristi
963 1713 1012 1739 ac
1035 1699 1204 1739 derecto
1236 1698 1325 1739 seni
1356 1698 1626 1752 responderet
1649 1698 1825 1749 Caelius,

229 1784 274 1809 se
294 1767 405 1807 nulla
426 1766 655 1821 cupiditate
677 1765 893 1805 inductum
916 1764 966 1804 de
988 1763 1052 1803 via
1077 1762 1318 1803 decessisse.
1382 1762 1492 1813 Quid
1517 1762 1653 1817 signi?
1714 1763 1827 1804 Nulli

230 1838 434 1886 sumptus,
478 1831 590 1871 nulla
624 1830 803 1884 jactura,
847 1828 959 1869 nulla
998 1829 1308 1869 ve1·su1·a.—At
1347 1827 1426 1869 fuit
1466 1826 1829 1879 fama—Quotus

230 1974 302 1994 man
319 1963 380 1993 and
393 1974 411 1992 a
422 1972 544 1992 woman
558 1962 604 1991 for
619 1962 821 1992 intercourse.
866 1960 1007 1990 Terence
1056 1962 1063 1976 ‘
1075 1959 1146 1989 dide
1161 1969 1197 1989 ac
1209 1959 1320 1988 dissice
1331 1958 1339 1972 ’
1357 1957 1377 1971 '⁷
1397 1957 1606 1999 (Hotmann).
1652 1958 1721 1988 The
1736 1959 1826 1989 read-

231 2007 367 2048 (Andria
382 2007 401 2035 i.
422 2008 447 2036 l.
462 2006 518 2045 49)
537 2015 616 2045 says,
1049 2003 1104 2041 ing
1120 2006 1127 2019 ‘
1140 2002 1211 2032 dide
1223 2006 1255 2031 et
1271 2002 1353 2031 disce
1365 2001 1372 2015 '
1396 2002 1422 2031 is
1438 2006 1494 2031 not
1509 2001 1703 2040 intelligible.
1731 2002 1826 2033 Pute-

231 2077 250 2092 u
812 2071 818 2077 .
940 2071 946 2077 .
1049 2056 1127 2075 anus
1143 2045 1284 2084 explains
1301 2049 1308 2061 ‘
1321 2044 1467 2074 dissicere
1478 2044 1485 2057 '
1511 2048 1543 2074 to
1560 2044 1599 2074 be
1614 2055 1632 2074 a
1647 2046 1827 2084 compound

267 2073 327 2104 sed
364 2076 529 2113 POStquam
563 2082 672 2102 amans
705 2074 835 2102 accessa
867 2074 1005 2112 Pretmm
1049 2089 1085 2118 of
1099 2089 1158 2118 ‘dis
1176 2088 1183 2101 '
1201 2088 1262 2117 and
1283 2088 1338 2117 the
1354 2087 1434 2117 form
1452 2091 1459 2104 ‘
1474 2086 1614 2117 seca-re.⁷
1661 2087 1824 2118 Forcellini

316 2117 516 2165 p⁰l¹l⁰ffl¹S—.
537 2159 542 2164 .
706 2157 712 2163 .
1050 2131 1106 2161 has
1123 2132 1177 2161 the
1193 2130 1267 2160 verb
1285 2131 1427 2160 ‘dissicio
1441 2129 1448 2143 ’
1464 2131 1498 2160 in
1514 2130 1562 2160 his
1578 2130 1728 2160 Lexicon.

272 2160 404 2199 Accepit
428 2159 650 2197 conditionem,
666 2158 738 2187 dein
763 2160 928 2197 quaestum
952 2166 1003 2186 oc-
1050 2194 1070 2207 Η
1119 2190 1124 2195 ·
1218 2190 1222 2195 ,
1466 2168 1468 2173 v
1532 2189 1538 2195 .
1801 2189 1807 2196 ¹

315 2203 390 2241 cipit
404 2201 435 2239 ;'’
1084 2190 1270 2238 Dispertita·
1310 2189 1420 2229 procul
1464 2189 1560 2219 dubio
1606 2198 1734 2229 quoque.
1778 2199 1825 2220 vis

230 2261 293 2291 and
309 2261 391 2290 OVid
409 2260 554 2299 (Hemid-
572 2259 635 2289 XXi·
656 2258 743 2298 l3l)‘
1092 2275 1135 2305 Et
1157 2242 1300 2304 adlisnciiasi-ia
1337 2274 1431 2304 simul
1468 2284 1539 2303 cum
1570 2283 1700 2313 corpore
1735 2274 1824 2304 dissi-

273 2321 425 2358 “Cogere
460 2329 515 2348 eur
549 2319 654 2357 potius
688 2328 782 2358 quam
817 2317 1003 2356 persuadere
1156 2317 1289 2347 cietur.'’
1473 2316 1613 2357 (Lucret.
1631 2316 1674 2346 iii.
1692 2317 1780 2356 638.)

340 2405 369 2434 S.
393 2362 528 2396 VOlebas’
608 2404 614 2409 .
750 2403 755 2409 .
775 2403 781 2408 .
921 2401 979 2422 ,W
1045 2375 1115 2405 The
1138 2375 1239 2405 father
1262 2384 1342 2414 says,
1367 2376 1511 2410 ‘scatter‚
1536 2377 1642 2411 waste,
1667 2375 1825 2414 squander

362 2415 372 2434 1
387 2410 529 2444 poteram
545 2403 651 2432 audita
667 2403 845 2433 conditione
861 2412 950 2441 capi.
1047 2428 1125 2456 your
1149 2421 1307 2457 property.
1364 2416 1438 2446 You
1467 2427 1538 2456 may
1561 2417 1610 2446 for
1633 2427 1683 2446 me
1707 2440 1714 2447 .
1741 2441 1748 2448 .
1774 2440 1782 2448 ·
1807 2418 1823 2448 Ι

272 2464 378 2495 Julius
395 2462 591 2501 Capitolinus
617 2461 783 2501 (Antonin.
803 2460 880 2490 Phil.
899 2470 925 2489 c.
948 2459 1000 2498 19)
1047 2461 1125 2490 have
1141 2460 1265 2498 enough
1288 2460 1467 2489 wherewith
1491 2463 1523 2489 to
1547 2460 1672 2489 console
1695 2461 1750 2490 the
1765 2461 1825 2490 few

229 2503 301 2537 uses
317 2507 369 2536 the
386 2516 470 2535 same
487 2505 571 2534 word
589 2505 677 2533 when
699 2504 738 2533 lie
760 2505 784 2532 is
806 2503 955 2542 speaking
971 2502 1006 2531 of
1047 2513 1136 2542 years
1152 2503 1222 2532 that
1236 2502 1356 2532 remain
1372 2506 1405 2531 to
1422 2512 1472 2531 me
1488 2503 1520 2531 of
1542 2502 1618 2532 life!
1666 2505 1673 2519 ‘
1687 2503 1750 2536 Qui
1766 2503 1772 2516 ’
1796 2504 1824 2534 is

231 2549 408 2580 Faustina's
423 2557 548 2577 aniours
562 2558 568 2576 :
594 2550 613 2563 ‘¹
630 2547 809 2576 Faustinam
834 2545 909 2575 satis
928 2555 1001 2574 con-
1046 2556 1064 2575 a
1079 2545 1159 2575 form
1176 2545 1210 2574 of
1232 2545 1287 2574 the
1302 2545 1436 2574 ablative
1452 2545 1629 2584 equivalent
1645 2548 1678 2575 to
1696 2546 1800 2586 ‘quo.'

229 2597 291 2623 stat
301 2592 383 2630 apud
396 2591 535 2621 Caietam
546 2589 739 2618 conditiones
752 2588 809 2618 sibi
822 2592 853 2618 et
861 2587 1001 2617 nauticas
1089 2587 1231 2627 derecto]
1260 2591 1267 2604 ‘
1279 2588 1404 2617 derecto
1416 2587 1423 2600 '
1461 2588 1495 2618 P.
1523 2588 1629 2625 Halm,
1666 2592 1672 2605 ‘
1684 2588 1802 2619 directo
1815 2588 1823 2602 ’

229 2641 260 2666 et
276 2634 474 2674 gladiatorias
490 2630 651 2671 elegisse.’'
1046 2631 1084 2660 E.
1105 2631 1144 2660 G.

276 2680 323 2709 16·
352 2677 606 2708 Caecilianumne
631 2672 776 2713 Patrem]
811 2673 903 2702 SOme
921 2672 1000 2720 ,Clffl-
1047 2681 1119 2711 “At
1129 2681 1296 2711 simulacra
1305 2681 1363 2711 viis
1375 2681 1508 2711 derectis
1518 2681 1624 2711 omnia
1635 2680 1807 2718 tendunt,”

227 2725 328 2751 racter
338 2720 372 2749 of
383 2730 401 2749 a
411 2719 512 2748 father
522 2718 601 2747 froin
618 2727 636 2746 a
648 2716 777 2755 comedy
789 2715 825 2745 of
838 2716 1000 2752 Caecilius,
1438 2724 1619 2764 (Lucretius
1634 2724 1673 2753 iv·
1688 2724 1778 2764 609⁹)

228 2764 264 2794 Of
276 2764 376 2793 Whom
396 2763 519 2792 Horace
535 2770 604 2799 says
621 2759 694 2798 (Ep'
710 2759 741 2788 ii·
762 2760 788 2794 1⁷
806 2768 834 2787 v·
848 2760 904 2797 59)
918 2770 924 2787 ²
1046 2775 1148 2804 where
1178 2774 1361 2804 Lachmann
1386 2785 1456 2814 says
1471 2786 1478 2804 ε
1504 2777 1523 2791 “
1536 2775 1590 2804 sed
1613 2775 1750 2813 imperiti
1774 2778 1822 2806 est

231 2818 387 2848 “Vincere
400 2811 999 2852 Caeciliusgravitate,Terentiusarte.”
1047 2817 1180 2847 scribere
1207 2818 1348 2854 directis,
1363 2817 1570 2847 Wakefieldio
1597 2817 1664 2846 S010
1688 2817 1819 2856 dignum

274 2869 359 2899 Dide
371 2877 408 2897 ac
419 2865 548 2904 dissice]
571 2865 729 2894 Puteanus
740 2862 879 2903 (Halm).
898 2866 916 2879 ‘⁶
930 2863 1000 2891 Pla·
1045 2861 1083 2890 de
1100 2859 1231 2890 rectis.'’
1257 2861 1334 2890 Thjs
1352 2863 1358 2877 ‘
1372 2860 1515 2891 derectus
1531 2869 1627 2890 senex
1640 2859 1647 2873 '
1665 2859 1691 2890 is
1707 2869 1726 2890 a
1739 2860 1821 2899 rigid

228 2915 278 2942 cet
304 2910 484 2941 acutissima
507 2908 563 2938 viri
587 2907 671 2937 docti
697 2907 884 2945 conjectura,
909 2908 945 2935 ut
961 2905 1001 2935 sit
1044 2903 1096 2933 old
1112 2903 1225 2933 fellow.
