1899 3227
762 178 896 220 CAP.
929 181 994 230 21,
1030 181 1096 220 22.
1677 184 1728 225 69

129 293 323 335 attulisse
343 308 387 335 se
408 293 462 334 ad
484 296 678 334 ornatum
698 293 889 333 ludorum
909 307 1057 333 aurum
1074 306 1286 347 quaerere.
1340 291 1385 332 Si
1407 296 1495 333 tam
1516 291 1730 336 familiaris

128 365 221 401 erat
250 358 418 400 Clodiae
449 374 574 413 quam
608 363 657 400 tu
690 373 781 399 esse
809 358 883 406 vis,
915 372 1042 413 quum
1071 358 1122 398 de
1155 356 1324 398 libidine
1353 357 1444 411 ejus
1476 362 1563 398 tam
1595 360 1729 400 multa

128 424 242 473 dicis,
266 424 372 465 dixit
393 425 593 479 profecto,
617 438 698 478 quo
722 423 846 464 vellet
866 437 1028 463 aurum.
1091 422 1135 463 Si
1167 427 1255 463 tam
1283 421 1497 462 familiaris
1518 436 1602 462 non
1623 430 1726 471 erat,

126 504 210 530 non
240 490 368 532 dedit.
433 489 501 530 Ita
532 490 566 530 si
591 504 735 530 verum
766 488 842 530 tibi
870 488 1035 529 Caelius
1061 487 1180 536 dixit,
1215 502 1238 528 ο
1264 487 1539 528 immoderata
1565 488 1726 533 mulier,

127 554 263 595 sciens
290 560 337 595 tu
365 569 514 600 aurum
543 555 596 595 ad
631 554 793 595 facinus
825 552 1005 594 dedisti:
1040 553 1075 593 si
1111 567 1194 593 non
1224 557 1289 593 est
1313 566 1441 593 ausus
1469 552 1618 603 dicere,
1643 567 1727 593 non

127 619 295 661 dedisti.

183 683 350 725 XXII.
385 684 494 737 Quid
517 699 595 739 ego
617 699 727 725 nunc
749 683 1007 738 argumentis
1035 683 1129 723 huic
1151 682 1325 733 crimini,
1349 697 1454 738 quae
1476 688 1576 724 sunt
1606 682 1725 723 innu-

124 749 346 799 merabilia,
372 749 595 790 resistam?
656 749 836 790 Possum
858 749 996 789 dicere
1018 763 1156 789 mores
1186 747 1248 787 M.
1274 747 1403 788 Caelii
1434 747 1674 803 longissime
1700 763 1726 789 a

123 813 233 855 tanti
261 814 428 855 sceleris
453 814 682 856 atrocitate
716 829 807 855 esse
841 814 1104 868 disjunctos;
1139 812 1308 853 minime
1344 827 1435 853 esse
1471 813 1724 853 eredendum

123 878 280 919 homini
307 883 393 920 tam
415 879 628 934 ingenioso
650 884 821 934 tamque
851 878 1048 933 prudenti
1079 892 1163 918 non
1184 877 1347 918 venisse
1369 877 1409 917 in
1431 881 1615 918 mentem
1636 892 1724 918 rem

121 943 231 984 tanti
252 944 419 984 sceleris
441 944 596 1000 ignotis
616 944 843 999 alienisque
860 943 991 984 servis
1012 957 1095 983 non
1116 957 1208 983 esse
1224 942 1488 983 credendam.
1543 941 1724 983 Possum

122 1007 250 1048 etiam
271 1008 339 1049 illa
359 1013 403 1050 et
424 1014 660 1050 ceterorum
680 1014 954 1064 patronorum
976 1013 1019 1049 et
1041 1022 1134 1048 mea
1155 1007 1457 1048 consuetudine
1478 1007 1530 1047 ab
1552 1022 1721 1048 accusa-

120 1077 213 1113 tore
243 1074 494 1128 perquirere,
518 1074 587 1115 ubi
615 1074 671 1116 sit
700 1088 949 1130 congressus
971 1087 1067 1114 cum
1093 1072 1224 1114 servis
1255 1071 1424 1113 Lucceii
1451 1072 1628 1123 Caelius,
1654 1073 1722 1127 qui

121 1138 158 1178 ei
187 1138 315 1180 fuerit-
344 1139 500 1180 aditus.
563 1139 609 1180 Si
648 1154 723 1195 per
757 1154 813 1188 se,
850 1152 933 1193 qua
965 1137 1236 1179 temeritate?
1298 1136 1342 1177 Si
1370 1151 1445 1192 per
1477 1137 1617 1185 alium,
1649 1151 1723 1192 per

121 1205 272 1257 quem?
333 1204 515 1245 Possum
551 1218 693 1245 omnes
733 1203 917 1244 latebras
953 1202 1235 1258 suspicionum
1274 1216 1497 1256 peragrare
1530 1202 1721 1243 dicendo.

122 1267 218 1308 Non
239 1283 399 1318 caussa,
422 1283 506 1309 non
536 1269 666 1316 locus,
689 1283 773 1308 non
801 1268 991 1316 facultas,
1016 1282 1099 1307 non
1129 1266 1334 1316 conscius,
1359 1281 1442 1307 non
1464 1266 1717 1321 perficiendi,

118 1347 201 1373 non
224 1334 461 1374 occultandi
489 1333 680 1374 maleficii
712 1347 820 1387 speS,
844 1347 926 1372 non
948 1331 1056 1373 ratio
1079 1331 1173 1381 ulla,
1198 1346 1281 1371 non
1305 1331 1526 1385 vestigium
1547 1331 1718 1371 maximi

118 1397 315 1438 facinoris
349 1398 592 1453 reperietur.
655 1397 736 1438 Sed
770 1397 874 1438 haec
910 1411 1015 1452 quae
1048 1402 1146 1437 sunt
1180 1395 1359 1437 oratoris
1394 1395 1575 1450 propria,
1614 1410 1720 1450 quae

117 1462 230 1512 mihi,
254 1477 337 1503 non
358 1468 531 1517 propter
551 1462 763 1517 ingenium
784 1477 934 1511 meum,
954 1462 1027 1502 sed
1050 1466 1222 1516 propter
1243 1461 1351 1501 hanc
1373 1460 1720 1501 exercitationem

117 1541 321 1582 usumque
343 1528 519 1576 dicendi,
541 1527 725 1568 fructum
747 1527 925 1582 aliquem
946 1528 1054 1568 ferre
1075 1527 1324 1581 potuissent,
1349 1541 1475 1581 quum
1495 1541 1520 1566 a
1540 1541 1607 1567 me
1630 1526 1719 1581 ipso

118 1592 332 1633 elaborata
372 1592 549 1648 proferri
589 1592 843 1643 viderentur,
886 1591 1108 1633 brevitatis
1150 1605 1298 1632 caussa
1337 1590 1525 1646 relinquo
1566 1591 1718 1632 omnia.

116 1759 193 1790 pose
209 1750 278 1781 that
293 1750 333 1780 he
348 1750 452 1781 would
463 1751 543 1781 raise
558 1760 673 1790 money
688 1750 731 1791 by
747 1750 894 1791 pawning

115 1793 151 1825 it.
177 1793 241 1823 But
259 1793 367 1824 Cicero
380 1804 449 1833 says
463 1794 502 1833 (c.
520 1793 577 1834 21)
596 1797 615 1811 ⁴‘
629 1804 740 1823 aurum
758 1794 893 1833 sumpsit

117 1858 124 1866 .
143 1859 152 1867 .
169 1858 176 1866 .
194 1836 279 1876 quod
305 1837 342 1866 L.
361 1837 488 1867 Lucceii
508 1837 604 1867 servis
621 1837 743 1873 daret,”
768 1840 800 1866 to
824 1837 892 1875 give

115 1880 141 1908 it
156 1881 190 1909 to
208 1879 370 1909 Lucceius'
388 1880 505 1916 slaves3
522 1880 583 1909 and
608 1889 668 1909 one
684 1883 799 1909 cannot
816 1889 890 1919 sup-

114 1931 191 1960 pose
207 1922 276 1952 that
291 1932 353 1963 any
368 1922 460 1962 thing
475 1926 587 1963 except
611 1933 725 1962 money
740 1922 766 1952 is
788 1925 895 1952 meant

116 1964 134 1994 b
172 1964 250 1994 that.

137 1975 269 2037 yCicero
285 2007 453 2038 concludes
469 2007 518 2038 his
535 2008 663 2048 chapter
678 2007 753 2037 with
777 2017 796 2037 a
819 2017 892 2047 pro-

115 2049 208 2080 bable
217 2054 395 2089 argument.
443 2051 476 2081 If
488 2051 612 2081 Caelius
624 2061 688 2081 was
701 2061 735 2081 so
748 2051 893 2081 intimate

114 2093 191 2122 with
221 2093 332 2123 Clodia
355 2093 426 2123 that
455 2094 510 2124 she
537 2095 604 2124 lent
629 2093 694 2123 him
726 2093 782 2123 her
807 2094 891 2133 gold,

114 2135 271 2166 whatever
286 2136 311 2165 it
326 2146 399 2172 was,
416 2137 441 2166 it
457 2137 483 2167 is
499 2147 574 2176 very
589 2136 740 2176 probable
752 2137 822 2167 that
838 2137 893 2167 she

114 2179 218 2208 would
243 2178 337 2208 know
361 2179 410 2209 for
435 2180 519 2210 what
543 2189 680 2220 purpose
700 2179 764 2209 this
788 2189 894 2219 young

113 2230 188 2250 man
203 2221 367 2252 borrowed
383 2223 418 2252 it.

157 2265 209 2294 22.
239 2265 324 2300 Quid
349 2274 404 2304 eqo
430 2264 529 2305 nunc]
556 2265 634 2295 This
649 2265 675 2295 is
699 2274 759 2295 one
782 2265 818 2295 of
836 2265 892 2294 the

113 2306 204 2336 usual
229 2307 396 2338 rhetorical
421 2312 614 2346 arguments.
676 2307 802 2338 Caelius
828 2317 891 2337 was

114 2350 172 2378 not
201 2357 219 2378 a
243 2359 316 2379 man
347 2354 381 2380 to
411 2350 451 2380 do
481 2351 558 2380 such
582 2361 600 2380 a
626 2351 718 2389 thing
743 2361 777 2381 as
801 2351 840 2380 he
864 2351 890 2380 is

114 2390 247 2430 charged
272 2392 357 2422 with.
404 2393 433 2423 A
451 2393 564 2423 ‘homo
587 2393 788 2432 ingeniosus’
815 2393 890 2423 does

115 2435 172 2462 not
187 2442 226 2471 go
241 2433 338 2464 about
353 2436 552 2475 committing
578 2447 597 2466 a
615 2436 710 2466 crime
733 2437 766 2466 in
789 2446 807 2466 a
822 2446 890 2476 way

115 2475 217 2504 which
233 2476 294 2506 will
309 2477 415 2508 insure
430 2478 653 2508 dete‹:tion.—‘
666 2488 728 2508 non
750 2489 858 2509 caussa
870 2478 890 2508 :’

115 2520 267 2548 “causam
281 2520 403 2558 appello
419 2521 572 2551 rationem
589 2521 768 2551 efficiendi’'
794 2522 890 2562 (Ora-

113 2563 174 2590 tor.
184 2560 267 2590 Part.
281 2570 307 2591 c.
319 2562 386 2601 32).
416 2563 466 2592 He
475 2564 551 2593 adds
561 2567 580 2581 ‘⁴
594 2564 783 2603 Spectantur
791 2565 887 2595 etiam

113 2602 152 2632 ad
184 2612 326 2633 caussam
356 2604 429 2634 facti
452 2610 557 2636 motus
580 2607 769 2643 animorum,
794 2607 819 2637 si
843 2608 888 2637 ira

112 2655 232 2682 recens,
249 2646 274 2676 si
290 2645 395 2675 odium
409 2651 509 2684 vetus,
521 2650 547 2678 si
558 2649 727 2679 ulciscendi
737 2650 887 2686 studium,

113 2688 140 2717 si
164 2688 296 2726 injuriae
321 2689 431 2718 dolor:
456 2690 481 2719 si
508 2690 646 2727 honoris,
671 2692 696 2722 si
716 2693 844 2731 gloriae,
864 2693 888 2722 si

113 2730 246 2770 imperii,
273 2732 297 2761 si
329 2732 480 2770 pecuniae
506 2733 678 2772 cupiditas:
710 2736 736 2765 si
759 2735 888 2775 periculi

113 2773 218 2810 timor,
236 2774 261 2803 si
281 2784 333 2804 aes
348 2774 497 2810 alienum,
514 2775 539 2804 si
554 2776 716 2814 angustiae
738 2778 784 2808 rei
800 2778 889 2808 fami-

114 2815 217 2846 liaris:
242 2817 268 2846 si
283 2817 396 2853 audax,
414 2818 439 2847 si
462 2817 548 2854 levis,
573 2818 599 2847 si
621 2819 765 2855 crudelis,
790 2821 816 2850 si
831 2820 890 2849 im-

113 2862 237 2897 potens,
254 2860 280 2890 si
296 2860 450 2895 incautus,
468 2860 493 2889 si
509 2860 670 2899 insipienS,
687 2861 712 2890 si
728 2871 848 2899 amans,
861 2863 885 2893 si

113 2905 269 2932 commota
295 2906 412 2939 mente,
436 2902 461 2933 si
487 2903 676 2940 vinolentus,
693 2903 719 2934 si
745 2914 816 2935 cum
833 2914 888 2944 spe

938 1749 1105 1786 efficiendi,
1131 1750 1156 1780 si
1183 1759 1254 1779 cum
1279 1749 1427 1788 opinione
1454 1748 1586 1784 celandi,
1613 1750 1666 1778 aut
1693 1748 1719 1778 si

939 1793 1129 1832 patefactum
1146 1796 1228 1822 esset
1241 1792 1419 1831 depellendi
1432 1792 1570 1822 criminis
1583 1791 1631 1820 vel
1648 1801 1718 1830 per-

936 1836 1105 1876 rumpendi
1120 1835 1249 1875 periculi
1260 1836 1308 1865 vel
1324 1836 1356 1865 in
1372 1835 1580 1874 longinquum
1594 1838 1720 1873 tempus

936 1879 1100 1908 differendi
1114 1890 1121 1907 :
1146 1881 1200 1908 aut
1216 1878 1241 1908 si
1254 1878 1362 1917 judicii
1388 1888 1491 1917 poena
1507 1877 1604 1907 levior
1625 1887 1718 1916 quam

939 1922 1012 1952 facti
1039 1922 1235 1961 praemium;
1259 1925 1314 1950 aut
1342 1921 1367 1951 si
1398 1921 1545 1950 facinoris
1573 1919 1718 1959 voluptas

939 1965 1039 2003 major
1063 1974 1157 2004 quam
1185 1964 1395 1994 damnationis
1422 1963 1520 1993 dolor.
1569 1962 1628 1992 His
1655 1962 1719 1992 fere

937 2008 1032 2038 rebus
1057 2007 1133 2037 facti
1163 2007 1298 2045 suspicio
1325 2007 1538 2041 confirmatur,
1562 2015 1662 2045 quum
1687 2009 1719 2035 et

937 2051 1108 2080 voluntatis
1137 2050 1169 2079 in
1207 2059 1261 2079 reo
1297 2059 1424 2080 caussae
1453 2048 1655 2088 reperiuntur
1685 2052 1716 2078 et

937 2092 1103 2124 facultas.'’

982 2135 1163 2174 elaborata]
1191 2135 1230 2165 A.
1248 2135 1455 2173 Augustinus.
1479 2133 1640 2163 ‘laborata
1652 2133 1660 2146 '
1678 2133 1715 2163 C.

937 2183 990 2202 —‘
1005 2179 1057 2208 illa
1090 2178 1319 2208 humanitate:’
1360 2177 1525 2206 Manutius
1564 2185 1717 2216 supposes

940 2222 1009 2252 that
1024 2231 1070 2252 we
1086 2232 1157 2260 may
1173 2220 1324 2250 conclude
1339 2220 1419 2250 from
1437 2220 1521 2249 what
1544 2219 1584 2249 he
1599 2229 1669 2258 says
1684 2219 1721 2247 of

937 2265 974 2295 L.
992 2265 1146 2294 Lucceius
1169 2263 1239 2294 that
1260 2264 1340 2293 heis
1363 2263 1418 2293 the
1443 2273 1528 2292 same
1553 2272 1665 2302 person
1682 2266 1716 2291 to

935 2308 1038 2337 whom
1066 2307 1177 2338 Cicero
1202 2306 1365 2336 addresses
1390 2316 1408 2335 a
1435 2306 1509 2344 long
1532 2306 1625 2335 letter
1649 2303 1714 2344 (Ad

937 2350 1024 2380 Fam.
1042 2360 1070 2380 v.
1091 2350 1144 2389 12)
1162 2350 1193 2379 in
1215 2349 1316 2379 which
1338 2349 1378 2379 he
1401 2349 1472 2378 asks
1494 2349 1558 2378 him
1580 2352 1612 2378 to
1629 2348 1716 2376 write

935 2393 990 2423 the
1017 2393 1136 2432 history
1153 2393 1188 2422 of
1209 2391 1348 2422 Cicero’s
1371 2391 1564 2430 consulship.
1633 2390 1714 2420 Hot-

936 2446 1031 2465 mann
1060 2436 1129 2465 who
1160 2435 1216 2465 has
1247 2435 1302 2464 the
1329 2444 1414 2464 same
1438 2434 1566 2474 opinion
1591 2433 1666 2462 calls
1691 2433 1715 2462 it

938 2478 1073 2508 ‘nobilis
1099 2478 1260 2508 Ciceronis
1299 2476 1454 2517 epistola.’
1514 2477 1591 2506 This
1623 2476 1715 2505 letter

936 2522 1078 2551 contains
1094 2521 1149 2551 the
1165 2521 1324 2559 following
1341 2530 1488 2560 passage:
1523 2524 1540 2536 “
1556 2520 1668 2558 Itaque
1684 2523 1715 2547 te

932 2565 1024 2604 plane
1040 2564 1134 2594 etiam
1158 2568 1253 2603 atque
1269 2564 1363 2593 etiam
1380 2573 1456 2602 rogo
1473 2566 1507 2592 ut
1524 2566 1555 2592 et
1571 2571 1663 2592 ornes
1679 2571 1715 2589 ea

933 2607 1151 2637 vehementius
1179 2608 1272 2636 etiam
1298 2616 1392 2646 quain
1412 2607 1542 2635 sortasse
1558 2605 1665 2637 sentis,
1683 2607 1713 2631 et

933 2650 965 2679 in
989 2660 1026 2679 eo
1051 2650 1134 2689 leges
1161 2649 1300 2679 historiae
1328 2648 1501 2687 negligas.'’
1560 2646 1713 2676 Lucceius

933 2696 1030 2722 wrote
1067 2703 1154 2722 some
1201 2692 1350 2732 speeches
1395 2691 1516 2730 against
1566 2689 1710 2718 Catilina.

934 2735 1043 2766 Cicero
1057 2735 1122 2775 (Ad
1141 2735 1227 2764 Fam.
1245 2745 1274 2763 ν.
1295 2733 1347 2773 12)
1365 2734 1478 2773 speaks
1501 2732 1536 2761 of
1562 2730 1712 2760 Lucceius

934 2778 1050 2817 having
1065 2782 1097 2807 at
1112 2778 1183 2807 that
1199 2778 1276 2807 time
1286 2777 1393 2815 nearly
1408 2775 1540 2805 finishcd
1559 2784 1576 2802 a
1592 2773 1710 2809 history

935 2821 970 2850 of
983 2821 1037 2850 the
1050 2821 1140 2850 Italic
1153 2830 1188 2850 or
1202 2820 1328 2854 Marsic,
1343 2819 1404 2848 and
1416 2819 1451 2847 of
1461 2818 1514 2846 the
1528 2815 1605 2845 Civil
1624 2813 1709 2841 War-

932 2863 993 2892 We
1019 2863 1060 2893 do
1085 2867 1141 2892 not
1167 2863 1259 2892 know
1285 2862 1310 2890 if
1328 2861 1391 2890 this
1419 2860 1537 2896 history
1556 2866 1616 2884 was
1639 2864 1712 2902 erar

933 2905 1113 2945 published,
1130 2905 1179 2935 for
1195 2914 1236 2935 no
1251 2904 1374 2934 antient
1391 2902 1494 2931 writer
1511 2898 1667 2929 mentions
1686 2901 1711 2926 it
