1816 3211
63 228 145 269 316
389 227 567 271 ORAT.
601 227 719 270 PRO
752 229 802 269 T.
834 226 1029 268 ANNIO
1064 226 1320 269 MILONE.

61 346 175 383 esset
204 357 356 398 pugna,
380 343 518 398 plures
540 342 759 384 Miloniani
790 345 1073 383 accurrerunt.
1135 340 1304 382 Clodius
1332 341 1571 383 vulneratus
1602 342 1643 382 in

59 407 275 448 tabernam
309 409 540 463 proximam
576 409 617 448 in
649 406 863 447 Bovillano
899 407 1061 447 delatus
1094 411 1173 447 est.
1237 406 1341 447 Milo
1375 411 1420 447 ut
1449 407 1645 462 cognovit

60 471 320 512 vulneratum
359 473 560 523 Clodium,
599 487 725 526 quum
760 471 838 511 sibi
873 471 1144 526 periculosius
1178 470 1277 511 illud
1313 471 1438 512 etiam
1471 472 1560 512 vivo
1595 486 1643 512 eo

60 536 248 577 futurum
279 537 544 590 intelligeret,
578 536 716 576 occiso
747 540 887 576 autem
927 550 1125 590 magnum
1161 535 1355 576 solatium
1385 540 1497 577 esset
1529 536 1644 576 habi-

59 605 192 649 turus,
235 601 361 641 etiam
397 601 431 640 si
468 601 685 640 subeunda
725 604 835 640 esset
875 614 1019 654 poena,
1049 600 1263 640 exturbari
1298 600 1472 640 taberna
1499 600 1640 653 jussit.

62 667 163 707 Fuit
183 666 482 720 antesignanus
503 680 714 706 servorum
736 665 825 719 ejus
850 665 913 706 M.
939 665 1164 706 Fustenus.
1228 665 1371 719 Atque
1393 665 1451 704 ita
1474 665 1644 705 Clodius

59 732 194 771 latens
215 735 430 771 extractus
452 735 517 771 est
547 730 770 784 multisque
791 729 1027 770 vulneribus
1058 729 1285 770 confectus.
1347 729 1534 769 Cadaver
1554 730 1645 783 ejus

60 796 100 836 in
136 796 201 836 via
240 795 442 845 relictum,
482 795 580 850 quia
615 795 721 836 servi
755 795 889 836 Clodii
924 799 997 836 aut
1032 794 1161 836 occisi
1194 798 1312 834 erant
1347 798 1421 834 aut
1460 794 1673 848 graviter*

60 860 187 902 saucii
217 861 419 909 latebant,
455 860 554 900 SeX.
585 860 740 900 Tedius
769 863 949 909 senator,
989 860 1058 914 qui
1088 860 1198 900 forte
1222 874 1273 899 ex
1302 874 1397 899 rure
1426 859 1467 899 in
1497 859 1643 899 urbem

60 926 359 975 revertebatur,
402 925 571 965 sustulit
611 929 654 965 et
694 924 843 965 lectica
889 939 964 965 sua
1005 925 1183 964 Romam
1222 924 1318 964 ferri
1358 924 1514 978 jussit;
1557 924 1645 978 ipse

60 1005 201 1031 rursus
222 991 369 1031 eodem
390 990 497 1030 unde
519 994 610 1030 erat
641 1003 833 1044 egressus
864 1004 908 1030 se
939 989 1111 1044 recepit.
1173 988 1389 1029 Perlatum
1411 994 1474 1029 est
1495 1002 1645 1043 corpus

61 1055 195 1097 Clodii
229 1059 327 1095 ante
358 1055 533 1109 primam
563 1054 699 1095 noctis
729 1054 886 1104 horam,
920 1054 1165 1108 infimaeque
1196 1053 1326 1108 plebis
1356 1058 1401 1094 et
1430 1067 1644 1093 servorum

59 1120 240 1160 maxima
270 1119 493 1160 multitudo
529 1133 681 1173 magno
717 1119 834 1159 luctu
869 1133 1020 1173 corpus
1055 1118 1097 1158 in
1136 1118 1244 1159 atrio
1281 1119 1429 1158 domus
1462 1118 1645 1172 positum

60 1184 352 1226 circumstetit.
413 1184 614 1237 Augebat
644 1187 787 1223 autem
819 1183 919 1223 facti
950 1183 1144 1223 invidiam
1174 1196 1281 1222 uxor
1312 1182 1445 1222 Clodii
1484 1182 1644 1230 Fulvia,

59 1264 164 1304 quae
201 1263 295 1289 cum
336 1248 467 1288 effusa
507 1247 805 1287 lamentatione
840 1247 1009 1288 vulnera
1049 1247 1139 1300 ejus
1179 1247 1443 1287 ostendebat.
1507 1247 1650 1300 Major

58 1318 227 1367 postera
257 1313 323 1353 die
353 1312 443 1353 luce
474 1312 606 1367 prima
636 1311 860 1352 multitudo
891 1312 1078 1365 ejusdem
1108 1311 1272 1365 generis
1303 1310 1514 1362 confluxit,
1539 1325 1648 1352 com-

58 1378 277 1432 pluresque
308 1377 397 1418 noti
429 1377 616 1417 homines
647 1376 735 1416 elisi
765 1381 874 1426 sunt,
898 1376 1008 1418 inter
1035 1391 1139 1431 quos
1162 1376 1207 1417 C.
1228 1376 1432 1416 Vibienus
1463 1381 1646 1417 senator.

61 1443 167 1483 Erat
199 1444 346 1483 domus
382 1441 515 1482 Clodii
549 1446 647 1482 ante
682 1455 840 1496 paucos
875 1456 1040 1482 menses
1077 1446 1217 1496 empta
1253 1441 1304 1481 de
1338 1441 1400 1482 M.
1426 1440 1585 1481 Scauro
1608 1441 1650 1481 in

61 1507 241 1548 Palatio.
303 1507 465 1547 Eodem
497 1506 545 1547 T.
572 1505 792 1546 Munatius
827 1505 1009 1546 Plancus
1040 1506 1170 1546 frater
1201 1505 1248 1547 L.
1277 1505 1423 1546 Planci
1454 1505 1646 1555 oratoris,

59 1578 104 1614 et
126 1574 175 1626 Q.
204 1572 428 1627 Pompeius
461 1572 596 1612 Rufus
629 1571 768 1612 Sullae
800 1571 1018 1612 dictatoris
1049 1585 1100 1611 ex
1131 1571 1216 1612 filia
1246 1586 1388 1626 nepos,
1417 1570 1572 1612 tribuni
1593 1570 1669 1625 pl:

58 1642 341 1686 accurrerunt,
361 1637 501 1691 eisque
523 1636 791 1677 hortantibus
815 1636 962 1690 vulgus
994 1636 1234 1690 imperitum
1256 1651 1406 1690 corpus
1426 1636 1581 1676 nudum
1602 1650 1651 1676 ac

60 1703 290 1751 calciatum,
315 1702 374 1742 sic
396 1706 444 1742 ut
475 1702 517 1741 in
538 1701 648 1741 lecto
671 1705 762 1741 erat
792 1701 989 1755 positum,
1012 1706 1061 1742 ut
1081 1701 1249 1741 vulnera
1269 1700 1397 1741 videri
1419 1705 1590 1755 possent
1609 1700 1651 1740 in

60 1768 196 1808 forum
232 1766 382 1807 detulit
417 1771 461 1807 et
493 1766 533 1805 in
566 1765 713 1806 rostris
741 1766 894 1819 posuit.
957 1765 1022 1806 Ibi
1057 1780 1131 1820 pro
1164 1765 1358 1806 contione
1392 1766 1573 1806 Plancus
1609 1771 1652 1805 et

63 1831 301 1886 Pompeius,
335 1830 404 1884 qui
435 1830 779 1885 competitoribus
814 1830 984 1870 Milonis
1014 1830 1253 1879 studebant,
1284 1830 1478 1870 invidiam
1503 1829 1652 1870 Miloni

62 1897 263 1937 fecerunt.
327 1895 513 1948 Populus
547 1895 652 1935 duce
691 1894 785 1934 Sex.
823 1893 968 1934 Clodio
1001 1894 1137 1935 scriba
1172 1909 1322 1949 corpus
1360 1894 1409 1934 P.
1440 1894 1575 1935 Clodii
1609 1894 1652 1934 in

63 1960 221 2001 curiam
251 1959 403 2007 intulit,
427 1959 707 2014 cremavitque
738 1959 943 2000 subselliis
970 1964 1013 2000 et
1041 1959 1318 2000 tribunalibus
1349 1964 1393 2001 et
1422 1959 1579 2000 mensis
1610 1964 1653 2000 et

63 2024 276 2066 codicibus
307 2023 579 2072 librariorum,
613 2038 694 2078 quo
723 2023 818 2078 igne
850 2028 892 2064 et
920 2023 1009 2078 ipsa
1036 2039 1197 2079 quoque
1231 2024 1345 2064 curia
1374 2024 1579 2079 flagravit,
1610 2028 1653 2064 et

62 2091 163 2130 item
185 2087 334 2128 Porcia
354 2087 524 2128 basilica
545 2102 649 2142 quae
671 2095 760 2129 erat
792 2089 829 2129 ei
847 2089 995 2143 juncta
1014 2089 1209 2129 ambusta
1230 2095 1307 2130 est.
1370 2089 1531 2129 Domus
1553 2104 1654 2144 quo-

64 2169 143 2210 que
167 2153 229 2194 M.
255 2152 402 2208 Lepidi
424 2152 659 2207 interregis»,
682 2152 717 2193 is
738 2153 848 2193 enim
877 2153 1149 2208 magistratus
1180 2153 1332 2194 curulis
1360 2159 1451 2195 erat
1472 2160 1650 2204 creat-us,

107 2266 339 2305 z'nBoz-z'llano]
389 2264 548 2295 ‘In'was
570 2265 670 2295 added
685 2265 727 2305 by
743 2265 834 2295 Mad·
879 2266 958 2296 have
995 2266 1073 2296 been
1111 2267 1188 2297 used
1225 2277 1259 2297 as
1295 2267 1529 2297 combustibles.
1585 2267 1654 2297 The

63 2309 132 2347 vig3
166 2309 235 2337 who
266 2309 332 2338 also
362 2308 502 2347 changed
534 2308 717 2338 ‘tabernam
729 2308 736 2322 ’
768 2309 835 2338 into

65 2353 72 2367 ⁴
89 2350 306 2380 taberna.’—‘
325 2351 371 2380 M.
411 2351 567 2380 Fustenus
585 2351 604 2380 :'
644 2351 706 2381 this
743 2361 836 2381 name

64 2403 164 2423 seems
189 2396 221 2422 to
244 2393 283 2422 bc
306 2397 443 2432 corrupt,
463 2393 512 2423 for
534 2394 688 2423 Asconius
712 2404 782 2433 says
804 2394 837 2423 in

64 2436 113 2465 his
129 2436 188 2465 last
203 2438 277 2465 note
293 2446 334 2465 on
357 2436 419 2465 this
442 2436 573 2472 oration,
592 2439 610 2453 “
624 2437 671 2466 M.
696 2437 838 2466 Saufeius

65 2479 119 2517 qui
142 2478 205 2507 dux
229 2478 327 2507 fuerat
349 2479 382 2507 in
405 2479 613 2518 expugnanda
629 2479 758 2509 taberna
774 2480 837 2509 Bo-

64 2520 238 2550 villis.’'—‘
252 2521 366 2550 Tedius
380 2520 399 2550 :’
413 2521 565 2561 probably
582 2532 600 2551 a
615 2525 742 2561 corrupt
757 2522 838 2552 form

65 2563 101 2593 of
112 2567 119 2580 ‘
130 2562 247 2592 Tadius
261 2562 268 2575 '
284 2562 424 2603 (Halm).

109 2605 194 2644 elisi]
244 2608 251 2622 ⁶
269 2606 422 2634 crushed’
448 2606 481 2635 in
512 2607 566 2636 the
596 2607 838 2637 crowd.—‘cal-

67 2649 182 2679 ciatum
194 2647 213 2676 :’
238 2648 292 2676 the
309 2651 435 2687 corrupt
451 2652 517 2678 text
535 2659 635 2679 seems
651 2654 684 2679 to
700 2650 740 2679 be
756 2653 763 2666 ⁴
778 2650 838 2679 cal-

67 2689 199 2720 datum.y
245 2690 343 2720 Orelli
367 2692 531 2729 suggested
561 2695 567 2708 ‘
582 2691 757 2726 calcatum,'
782 2692 840 2722 but

67 2735 93 2763 it
123 2732 235 2763 should
265 2733 304 2762 bc
336 2733 593 2763 ‘conculcatum’
654 2735 748 2764 Halm
783 2735 839 2765 has

68 2774 247 2849 ‘effltlatglrnss
287 2775 442 2813 Compare
458 2785 484 2804 c.
498 2778 549 2812 32,
567 2776 715 2807 “oblitus
732 2787 841 2807 cruore

112 2859 341 2898 tribunalibus]
375 2859 478 2889 There
490 2870 570 2889 were
587 2862 739 2901 probably
752 2872 838 2892 seve-

68 2904 113 2934 ral
131 2905 138 2919 ‘
152 2901 342 2939 tribunalia‚’
359 2911 395 2932 or
411 2906 514 2932 courts
530 2903 562 2932 in
578 2904 631 2933 the
649 2905 765 2934 Forum
784 2905 838 2944 (In

69 2947 174 2977 Vatin.
192 2956 218 2977 c.
232 2946 279 2986 9),
295 2945 356 2976 and
371 2944 407 2975 of
418 2945 519 2983 wood‚
533 2955 568 2976 or
583 2946 658 2986 they
675 2947 766 2977 could
781 2950 838 2977 not

882 2309 1036 2339 ‘librarii’
1062 2309 1123 2339 had
1144 2310 1226 2340 their
1246 2310 1431 2340 book-stalis
1454 2311 1485 2339 in
1510 2310 1565 2340 the
1593 2310 1654 2340 Fo-

880 2362 969 2388 rum;
994 2352 1056 2382 and
1078 2353 1133 2382 the
1154 2353 1227 2382 mob
1250 2353 1325 2382 took
1342 2354 1395 2383 the
1411 2353 1509 2382 books
1523 2356 1557 2382 to
1572 2353 1655 2382 burn

881 2395 935 2424 the
952 2395 1033 2434 body
1050 2395 1085 2425 of
1098 2395 1226 2425 Clodius
1241 2397 1327 2426 with.

884 2457 902 2471 ‘⁴
918 2454 1015 2484 Nulla
1029 2453 1159 2483 taberna
1175 2464 1261 2484 meos
1283 2454 1398 2484 habeat
1413 2464 1471 2484 nec
1486 2454 1550 2493 pila
1564 2453 1653 2484 libel-

954 2496 1036 2526 los.’'
1163 2495 1314 2537 (Horace,
1333 2497 1396 2527 Sat.
1412 2497 1432 2527 i.
1449 2501 1480 2534 4,
1497 2507 1525 2527 v.
1543 2496 1610 2538 71.)

882 2563 951 2593 The
977 2564 1086 2594 Porcia
1110 2564 1252 2600 Basilica,
1280 2564 1360 2594 built
1384 2565 1426 2604 by
1450 2565 1498 2595 M.
1526 2564 1654 2594 Porcius

883 2606 973 2643 Cato,
989 2607 1044 2636 the
1060 2617 1179 2642 censor,
1197 2617 1258 2636 was
1280 2607 1376 2637 burnt
1390 2608 1422 2636 in
1439 2608 1501 2637 this
1517 2607 1650 2636 disturb—

883 2659 971 2679 ance.
1017 2649 1138 2679 Becker
1155 2649 1330 2688 (Romisch.
1346 2649 1427 2690 Alt.)
1445 2660 1515 2689 says
1537 2650 1607 2679 that
1628 2649 1654 2678 it

883 2692 909 2721 is
924 2691 1069 2721 doubtful
1084 2692 1111 2721 if
1122 2692 1147 2721 it
1162 2702 1224 2721 was
1240 2693 1317 2721 then
1332 2693 1472 2722 restored
1486 2704 1493 2728 ;
1516 2697 1548 2721 at
1564 2692 1652 2727 least,

884 2734 924 2763 he
940 2744 1019 2773 says,
1037 2744 1082 2763 we
1098 2735 1162 2763 find
1179 2744 1220 2763 no
1230 2735 1370 2764 mention
1383 2735 1418 2764 of
1426 2735 1451 2764 it
1463 2734 1653 2764 afterwards.

887 2777 983 2806 Halm
1007 2777 1152 2806 observes
1175 2777 1245 2807 that
1268 2777 1450 2807 Mommsen
1465 2777 1520 2806 has
1537 2776 1654 2814 proved

883 2819 952 2849 that
967 2820 992 2849 it
1008 2819 1071 2849 still
1086 2819 1206 2849 existed
1230 2824 1263 2849 at
1285 2830 1303 2849 a
1325 2820 1404 2849 later
1419 2820 1495 2849 time
1511 2818 1575 2858 (De
1591 2818 1653 2848 Co-

882 2862 972 2891 mitio
989 2862 1144 2897 Romano,
1162 2862 1291 2899 Romae,
1312 2862 1417 2900 1845).

926 2905 973 2934 M.
1012 2905 1144 2943 Lepidi]
1207 2905 1259 2934 An
1298 2904 1440 2933 Interrex
1476 2902 1538 2932 had
1575 2902 1654 2932 been

882 2947 1002 2978 elected
1017 2950 1050 2978 at
1064 2947 1135 2977 last.
1181 2947 1239 2977 See
1255 2955 1281 2976 c.
1297 2948 1382 2976 5.—‘
1397 2945 1552 2976 Libitinae
1566 2944 1585 2974 :’
1601 2945 1656 2975 the
