1816 3211
687 160 821 203 GAP.
855 162 921 211 21,
956 161 1023 202 22.
1574 164 1654 203 185

58 277 170 314 sorte
191 273 378 325 haberet,
417 275 666 330 interposita
696 273 896 329 religione
927 273 1015 314 sine
1045 272 1129 313 ulla
1160 273 1422 315 dubitatione
1444 275 1656 329 deposuis-

58 342 134 387 set,
157 352 250 378 eam
282 339 362 380 sibi
393 340 610 390 asciscere,
644 354 783 394 quum,
818 338 982 380 etiamsi
1014 338 1158 393 religio
1189 353 1272 379 non
1304 339 1540 393 impediret,
1567 355 1657 379 mos

57 403 262 456 majorum
283 409 425 447 tamen
448 410 490 446 et
512 404 700 460 exempla
721 410 765 445 et
784 403 1054 458 gravissimae
1075 403 1214 457 legum
1234 418 1391 458 poenae
1412 405 1629 444 vetarent?

118 468 285 509 XXII.
320 470 379 510 Et
410 470 606 524 quoniam
636 470 900 510 fortunarum
930 468 1242 509 contentionem
1271 469 1410 509 facere
1432 468 1656 522 coepimus,

59 533 110 574 de
143 533 281 574 reditu
314 534 482 574 Gabinii
519 534 795 581 omittamus3
832 548 955 588 quem
991 533 1070 574 etsi
1102 532 1179 573 sibi
1211 533 1298 587 ipse
1329 533 1547 588 praecidit,
1580 548 1659 588 ego

59 602 201 638 tamen
235 612 281 638 os
309 603 357 638 ut
388 598 550 639 videam
581 598 760 639 hominis
787 602 1001 652 exspecto.
1063 596 1212 640 Tuum.
1244 597 1278 637 si
1303 597 1454 652 placet,
1478 598 1659 639 reditum

60 676 154 702 cum
191 677 284 703 meo
316 663 591 704 conferamus.
652 664 719 703 Ac
755 677 874 703 meus
909 662 1074 716 quidem
1112 662 1147 702 is
1179 662 1258 702 fuit
1292 667 1340 703 ut-
1375 678 1400 703 a
1434 662 1658 704 Brundisio

59 742 191 782 usque
228 727 408 768 Romam
439 743 590 783 agmen
622 732 871 782 perpetuum
902 727 1036 767 totius
1071 727 1219 768 Italiae
1252 727 1448 768 viderem.
1512 727 1660 782 Neque

61 792 170 832 enim
211 793 326 848 regio
360 793 439 834 fuit
472 794 566 844 ulla,
603 808 737 848 neque
778 791 1062 846 municipium,
1104 806 1240 846 neque
1281 793 1545 846 praefectura
1585 798 1661 833 aut

61 858 235 908 colonia,
275 873 325 899 ex
358 874 440 914 qua
475 874 557 899 non
594 859 756 913 publice
796 858 848 898 ad
883 873 949 898 me
985 857 1175 898 venerint
1214 858 1487 911 gratulatum.
1552 858 1660 909 Quid

62 924 198 964 dicam
223 924 426 965 adventus
458 925 599 964 meos?
631 923 729 978 quid
764 922 987 964 effusiones
1015 922 1230 962 hominum
1259 937 1310 962 ex
1340 922 1530 976 oppidis?
1562 923 1660 977 quid

61 1003 287 1029 concursus
309 1004 361 1029 ex
382 989 495 1043 agris
516 988 862 1043 patrumfamilias
893 1002 988 1028 eum
1019 987 1269 1042 conjugibus
1290 1002 1339 1027 ac
1360 987 1500 1028 liberis
1518 989 1530 1028 ἒ
1562 988 1661 1043 quid

61 1068 134 1094 eos
155 1053 256 1103 dies,
277 1053 344 1108 qui
368 1053 484 1107 quasi
508 1053 678 1093 deorum
710 1053 1006 1098 immortalium
1037 1052 1134 1093 festi
1165 1057 1293 1106 atque
1321 1052 1540 1093 sollemnes
1562 1058 1661 1094 sunt

59 1119 172 1173 apud
194 1132 338 1158 omnes
359 1118 542 1159 adventu
570 1133 664 1158 meo
686 1119 908 1172 redituque
931 1118 1157 1158 celebrati?
1220 1116 1343 1158 Unus
1365 1118 1430 1158 ille
1453 1118 1540 1159 dies
1561 1118 1661 1158 1111111

62 1183 229 1237 quidem
270 1183 600 1224 immortalitatis
633 1183 767 1224 instar
798 1183 890 1232 fuit,
926 1197 1054 1237 quum
1090 1183 1131 1222 in
1167 1182 1348 1237 patriam
1380 1183 1496 1232 redii,
1534 1198 1661 1238 quum

62 1252 255 1289 senatum
277 1262 492 1303 egressum
514 1248 596 1288 vidi
619 1248 899 1303 populumque
939 1247 1216 1302 [Romanum]
1252 1248 1500 1297 universum,
1535 1265 1661 1304 quum

62 1313 163 1354 mihi
196 1313 286 1367 ipsa
320 1313 455 1353 Roma
487 1328 618 1368 prope
651 1313 848 1353 convulsa
889 1312 1058 1353 sedibus
1093 1313 1180 1353 suis
1212 1313 1265 1353 ad
1302 1314 1660 1369 complectendum

64 1382 401 1418 conservatorem
433 1392 552 1417 snum
583 1378 810 1432 procedere
832 1377 920 1418 visa
941 1383 1019 1418 est.
1082 1377 1199 1428 Quae
1229 1393 1295 1418 me
1328 1378 1388 1419 ita
1420 1379 1584 1434 accepit
1613 1384 1662 1420 ut

64 1457 146 1483 non
186 1442 309 1482 modo
360 1442 544 1482 omnium
584 1457 796 1497 generum,
848 1447 1049 1493 aetatum,
1093 1442 1285 1483 ordinum
1322 1457 1466 1483 onmes
1506 1443 1580 1483 viri
1613 1458 1661 1484 ac

63 1507 268 1556 mulieres,
293 1507 427 1547 omnis
448 1508 641 1548 fortunae
671 1522 721 1548 ac
753 1507 845 1557 loci,
879 1508 953 1548 sed
981 1507 1106 1548 etiam
1130 1508 1292 1548 moenia
1314 1508 1401 1562 ipsa
1423 1509 1662 1550 viderentur

63 1576 106 1612 et
128 1576 244 1613 tecta
265 1571 380 1611 urbis
401 1585 449 1611 ac
471 1572 629 1626 templa
649 1572 809 1613 laetari.
874 1572 948 1613 Me
979 1573 1330 1627 consequentibus
1361 1573 1506 1614 diebus
1540 1574 1580 1613 in
1613 1589 1661 1615 ea

63 1636 154 1692 ipsa
175 1637 310 1685 domo,
335 1651 416 1691 qua
443 1641 488 1677 tu
520 1651 585 1676 me
611 1636 844 1691 expule1·aS‚
868 1651 993 1692 quam
1015 1637 1233 1691 expilaras,
1258 1653 1379 1692 quam
1403 1639 1659 1687 incenderas,

62 1701 297 1756 pontifices,
331 1701 534 1751 consules,
568 1709 711 1756 patres
737 1701 962 1756 conscripti
984 1701 1303 1752 collocaverunt,
1334 1703 1526 1758 mihique,
1551 1705 1662 1759 quod

63 1770 162 1807 ante
184 1780 248 1806 me
269 1765 436 1816 nemini,
460 1765 637 1820 pecunia
658 1766 823 1821 publica
843 1766 1144 1807 aedificandam
1166 1767 1335 1807 domum
1357 1774 1622 1810 censuerunt.

122 1831 271 1872 Habes
292 1831 473 1872 reditum
495 1846 646 1872 meum.
709 1831 862 1873 Confer
892 1847 1003 1872 nunc
1035 1831 1218 1872 vicissim
1249 1837 1381 1882 tuum,
1407 1834 1662 1888 quandoqui-

64 1896 159 1936 dem
180 1895 333 1936 amisso
355 1896 542 1937 exercitu
573 1896 674 1937 nihil
705 1897 910 1938 incolume
942 1898 1110 1938 domum
1141 1903 1307 1952 praeter
1337 1914 1384 1939 os
1415 1899 1514 1939 illud
1543 1904 1661 1939 tuum

64 1961 287 2017 pristinum
309 1961 523 2002 rettulisti.
587 1962 666 2014 Qui
697 1963 877 2018 primum
913 1977 994 2018 qua
1026 1963 1188 2003 veneris
1221 1978 1314 2004 cum
1348 1964 1546 2005 laureatis
1580 1964 1662 2005 tuis

63 2026 280 2067 lictoribus
316 2026 408 2081 quis
444 2027 553 2068 scit?
585 2042 687 2082 quos
718 2032 765 2068 tu
801 2028 1067 2078 Maeandros,
1103 2029 1199 2069 dum
1243 2043 1386 2069 omnes
1416 2029 1662 2070 solitudines

64 2089 335 2144 persequeris,
369 2104 474 2143 quae
506 2089 751 2131 diverticula
771 2090 1054 2145 flexionesque
1077 2090 1275 2146 quaesisti
1295 2092 1307 2130 ἓ
1338 2091 1446 2145 (111(1(1
1468 2096 1510 2132 te
1532 2092 1662 2132 11111111-

66 2153 218 2208 0111111111
246 2154 379 2194 vidit?
411 2154 503 2208 quis
533 2155 693 2196 amicus
714 2155 936 2214 invitarit?
967 2155 1058 2210 quis
1089 2155 1238 2210 hospes
1259 2156 1451 2210 aspexit?
1512 2155 1661 2197 Nonne

66 2218 142 2258 tibi
164 2232 247 2258 nox
269 2223 359 2258 erat
381 2232 455 2272 pro
477 2218 569 2260 die?
599 2220 781 2261 solitudo
803 2235 878 2275 pro
895 2219 1155 2275 frequentia?
1177 2236 1364 2276 caupona
1385 2236 1460 2276 pro
1483 2221 1662 2276 oppido?

67 2365 172 2395 tained
187 2375 219 2395 as
235 2365 284 2395 his
299 2367 446 2405 province
462 2367 503 2407 by
517 2368 638 2407 casting
650 2369 711 2400 lots
726 2368 839 2409 (sorte)

67 2409 143 2437 with
173 2409 219 2438 his
241 2409 399 2447 colleaguc
416 2410 455 2443 Q.
474 2411 623 2441 Metellus
647 2412 765 2451 Nepos.
812 2413 841 2442 A

70 2452 386 2481 Senatusconsultum
430 2454 626 2491 empowered
666 2455 731 2484 him
771 2455 841 2485 who

929 2371 1084 2410 viderem]
1137 2370 1274 2400 ‘viderit
1315 2371 1396 2410 (scil.
1436 2370 1568 2406 reditus)
1609 2370 1660 2400 VJ

888 2413 996 2444 Halm.
1044 2413 1194 2443 Garatoni
1219 2413 1418 2452 conjectured
1443 2417 1449 2429 ⁴
1464 2413 1661 2443 1111011013-

887 2459 894 2473 ‘
909 2456 1078 2496 procedere
1092 2456 1111 2484 ε’
1138 2459 1144 2473 ⁴
1160 2456 1305 2495 progredi
1318 2456 1324 2467 ’
1348 2456 1386 2486 Υ.
1409 2457 1512 2486 11111111.

68 2497 123 2532 got
146 2494 199 2523 the
216 2495 361 2533 province
385 2495 420 2524 of
441 2496 550 2526 Cilicia
566 2501 598 2527 to
623 2502 741 2528 restore
766 2498 842 2537 king

71 2537 268 2566 Ptolemaeus
279 2537 343 2576 (Ad
356 2537 469 2567 Fami
485 2540 497 2569 1
516 2539 575 2568 and
590 2540 636 2578 7).
687 2541 746 2570 But
760 2541 841 2571 Len-

68 2579 154 2609 tulus
178 2589 254 2616 gave
277 2589 319 2618 up
343 2580 390 2608 liis
414 2582 624 2618 commission,
653 2593 688 2612 or
717 2583 769 2613 did
787 2587 843 2613 not

70 2625 201 2652 execute
228 2622 253 2651 it
276 2632 317 2651 on
333 2627 464 2652 account
490 2624 526 2653 of
546 2625 600 2654 the
623 2625 770 2664 religious
786 2626 843 2656 ob-

66 2665 211 2703 jections.
258 2664 308 2693 All
327 2664 380 2693 the
397 2668 481 2704 story
499 2666 596 2696 about
614 2667 668 2697 the
685 2668 843 2708 Egyptian

71 2707 146 2745 king
176 2707 201 2736 is
232 2707 299 2737 told
328 2707 360 2736 iu
391 2708 445 2737 the
475 2709 597 2738 oration
630 2710 689 2740 Pro
716 2711 843 2741 Rabirio

70 2750 234 2779 Postumo.

115 2795 165 2823 22.
191 2792 239 2831 os]
292 2792 350 2821 llis
375 2792 542 2831 impudent
565 2793 842 2826 saca—‘reditum

70 2845 141 2864 cum
170 2834 263 2864 meo.’
311 2837 368 2864 See
399 2835 452 2864 1110
481 2836 698 2867 Introduction
728 2841 760 2869 to
791 2839 844 2869 the

70 2878 215 2916 spurious
231 2878 370 2908 orations
386 2877 474 2918 (Vol.
492 2878 557 2918 iii.).

929 2500 962 2529 in
986 2509 1021 2529 ea
1046 2501 1114 2538 ipsa
1139 2499 1246 2538 domo]
1297 2500 1354 2529 See
1372 2499 1424 2528 1110
1444 2499 1658 2528 lntrmluvtion

887 2545 918 2571 to
935 2542 989 2571 the
1005 2543 1126 2571 oration
1147 2542 1194 2571 De
1212 2542 1315 2571 Domo
1334 2541 1419 2581 (Vol.
1437 2541 1562 2575 iiim—¹
1577 2541 1658 2580 (111011

887 2588 961 2614 ante
988 2595 1038 2614 me
1064 2584 1216 2614 nemini:'
1253 2585 1408 2614 Asconius
1433 2589 1543 2624 quotes
1570 2584 1660 2612 other

888 2627 1045 2657 instances
1061 2628 1097 2657 of
1118 2628 1232 2657 houses
1257 2627 1350 2666 being
1374 2627 1452 2657 built
1478 2628 1524 2656 for
1541 2637 1610 2655 111011
1628 2631 1655 2654 nl

888 2670 943 2699 the
965 2670 1070 2709 public
1085 2674 1162 2706 cost,
1180 2681 1213 2700 as
1238 2670 1269 2699 in
1297 2670 1351 2699 the
1375 2680 1444 2699 ease
1465 2670 1499 2698 of
1519 2669 1658 2697 Valerius

889 2712 1062 2746 Maximus.
1097 2713 1159 2742 and
1198 2723 1285 2742 some
1323 2713 1436 2741 others.
1497 2712 1544 2740 111·
1582 2710 1658 2739 end<

888 2755 1031 2785 however
1046 2755 1086 2794 by
1103 2756 1212 2794 saying
1228 2755 1296 2785 that
1313 2755 1366 2784 1110
1382 2766 1451 2783 ease
1467 2754 1501 2782 of
1522 2751 1658 2782 (im-ro's

888 2797 987 2827 house
1013 2798 1074 2827 and
1101 2799 1137 2827 of
1164 2798 1218 2827 the
1241 2798 1347 2826 others
1372 2798 1471 2825 whom
1505 2795 1542 2823 ln·
1570 2804 1656 2823 inen-

888 2840 982 2875 siuns,
1009 2850 1071 2870 was
1097 2844 1152 2870 not
1179 2841 1266 2879 quite
1293 2840 1346 2868 the
1373 2848 1466 2867 same.
1515 2838 1587 2875 (sce
1611 2836 1657 2865 111·

890 2882 1028 2922 Harusp.
1048 2883 1143 2922 Resp.
1160 2893 1186 2913 c.
1204 2885 1234 2916 8.
1252 2882 1322 2911 Vol.
1342 2881 1398 2918 iii.)
