1816 3211
99 153 179 192 168
332 150 510 192 ORAT.
544 149 607 189 IN
644 149 690 190 L.
725 144 1146 188 GALPURNIUM
1183 142 1460 183 PISONEM

98 279 142 305 se
177 264 305 306 tectis
335 263 499 318 privare
535 262 767 310 voluerunt,
805 261 878 300 sed
914 259 979 299 his
1007 257 1218 299 stantibus
1250 255 1406 296 nullum
1442 252 1695 295 domicilium

100 329 245 370 sceleri
282 343 357 369 suo
391 328 478 368 fore
515 329 783 381 putaverunt.
848 324 1027 364 Caedem
1064 322 1120 362 illi
1152 320 1314 369 civium,
1350 335 1422 360 vos
1450 319 1696 360 servitutem

100 393 333 448 expetistis.
399 392 482 432 Hic
523 406 595 431 vos
637 390 765 430 etiam
808 388 1074 428 crudeliores.
1138 385 1252 425 Huic
1294 384 1403 425 enim
1444 383 1597 438 populo
1638 382 1699 422 ita

100 459 235 498 fuerat
256 462 354 497 ante
377 471 448 496 vos
477 454 670 496 consules
701 454 876 493 libert-as
907 451 1047 500 insita,
1078 455 1126 491 ut
1155 449 1284 490 emori
1310 449 1449 503 potius
1471 462 1594 503 quam
1616 460 1699 487 ser-

102 523 185 564 vire
208 526 453 577 praestaret.
517 521 626 560 Illud
660 534 756 559 vero
785 517 997 573 geminum
1020 517 1201 557 consiliis
1224 516 1428 557 Catilinae
1450 521 1493 556 et
1518 513 1698 563 Lentuli,

103 588 215 642 quod
241 602 307 627 me
340 587 464 626 domo
497 599 590 625 mea
618 583 848 638 expulistis,
883 583 958 623 Cn.
989 581 1236 636 Pompeium
1262 581 1430 620 domum
1452 595 1569 621 suam
1591 594 1701 619 00111-

103 651 278 708 pulistis.
343 651 489 705 Neque
513 649 622 690 enim
643 663 708 689 me
730 653 869 689 stante
896 655 939 688 et
959 650 1153 687 manente
1185 645 1227 685 in
1258 645 1372 685 urbis
1393 645 1543 699 vigilia,
1567 658 1702 698 neque

103 716 327 757 resistente
361 714 437 755 Cn.
469 713 685 768 Pompeio,
710 712 894 753 omnium
924 710 1115 766 gentium
1141 710 1311 759 victore⁷
1345 724 1541 764 umquam
1572 722 1616 748 se
1646 707 1701 747 illi

104 796 192 822 rem
213 780 423 835 publicam
445 779 581 819 delere
603 793 726 833 posse
749 778 969 817 duxerunt.
1034 775 1075 815 A
1105 790 1171 815 me
1203 775 1368 829 quidem
1399 774 1525 815 etiam
1546 787 1714 828 poenas-

106 844 341 900 expetistis,
386 843 537 898 quibus
579 843 893 897 conjuratorum
943 855 1087 881 manes
1136 845 1399 880 mortuorum
1449 837 1700 893 expiaretis:

106 924 227 950 omne
250 909 389 949 odium
411 905 618 948 inclusum
638 906 808 947 nefariis
830 905 1022 946 sensibus
1052 904 1272 958 impiorum
1293 904 1334 943 in
1356 919 1422 944 me
1442 902 1704 958 profudistis,

110 976 297 1027 Quorum
318 988 396 1028 ego
418 973 549 1013 furori
579 971 659 1012 nisi
690 970 922 1019 cessissem,
956 970 998 1009 in
1021 969 1225 1010 Catilinae
1248 969 1370 1008 busto
1391 967 1508 1007 vobis
1530 966 1706 1007 ducibus

107 1043 320 1079 mactatus
356 1052 504 1078 essem.
568 1036 690 1088 Quod
726 1042 868 1076 autem
905 1034 1040 1087 majus
1073 1033 1270 1073 indicium
1310 1031 1569 1086 exspectatis
1604 1031 1706 1071 nihil

108 1103 218 1144 inter
240 1117 313 1143 vos
335 1108 378 1143 et
400 1102 625 1143 Catilinam
646 1099 899 1147 interfuisse,
931 1113 1056 1152 quam
1082 1098 1192 1152 quod
1213 1097 1384 1136 eandem
1406 1097 1517 1136 illam
1538 1110 1707 1136 manum

110 1183 162 1208 ex
184 1166 473 1208 intermortuis
506 1165 712 1206 Catilinae
740 1163 924 1217 reliquiis
947 1162 1206 1205 concitastis.
1231 1161 1340 1215 quod
1362 1175 1505 1201 omnes
1526 1160 1707 1214 undique

109 1231 297 1286 perditos
318 1230 556 1284 collegistis,
581 1229 691 1284 quod
713 1228 754 1268 in
777 1242 842 1267 me
864 1241 1073 1267 carcerem
1091 1225 1308 1274 effudistis,
1332 1226 1441 1279 quod
1465 1225 1709 1278 conjuratos

110 1295 319 1343 armastis,
343 1295 454 1349 quod
485 1308 629 1334 eorum
659 1293 769 1333 ferro
800 1306 849 1331 ac
879 1290 1009 1331 furori
1039 1305 1177 1331 meum
1204 1304 1356 1344 corpus
1375 1294 1503 1344 atque
1526 1289 1709 1329 omnium

111 1362 314 1401 bonorum
336 1360 464 1400 vitam
488 1358 670 1412 objicere
690 1355 909 1397 voluistis?
970 1354 1105 1395 VIII.
1139 1355 1221 1394 Sed
1249 1355 1337 1408 jain
1366 1354 1490 1394 redeo
1518 1354 1571 1404 ad
1593 1368 1710 1407 prae-

114 1425 269 1465 claram
290 1424 402 1464 illam
424 1423 660 1463 contionem
680 1427 811 1463 tuam.
875 1419 938 1460 Tu
971 1434 1015 1460 es
1045 1419 1111 1460 ille
1141 1419 1206 1460 cui
1235 1419 1459 1459 crudelitas
1490 1419 1712 1474 displicet?

113 1489 194 1543 qui,
220 1503 346 1543 quum
376 1492 548 1528 senatus
576 1487 737 1527 luctum
767 1499 816 1526 ac
851 1484 1035 1525 dolorem
1065 1499 1186 1524 suum
1217 1484 1345 1525 vestis
1376 1484 1609 1525 mutatione
1643 1484 1712 1524 de-

114 1553 356 1593 clarandum
377 1551 620 1600 censuisset,
646 1565 772 1605 quum
793 1549 956 1590 videres
987 1563 1171 1589 maerere
1202 1563 1290 1588 rem
1316 1549 1524 1602 publicam
1546 1548 1713 1603 amplis-

115 1617 209 1658 simi
231 1617 387 1657 ordinis
408 1617 535 1666 luctu,
560 1630 584 1656 o
606 1620 751 1655 noster
772 1613 1011 1654 misericors
1032 1616 1039 1653 !
1075 1612 1173 1667 quid
1203 1613 1336 1653 facis?
1398 1612 1519 1664 Quod
1541 1613 1652 1653 nulla
1672 1613 1713 1652 111

115 1681 308 1722 barbaria
329 1681 547 1735 quisquam
568 1684 783 1734 tyrannus.
846 1677 1010 1718 Omitto
1043 1676 1153 1716 enim
1183 1677 1296 1727 illud,
1318 1678 1529 1718 consulem
1551 1677 1713 1718 edicere

117 1751 164 1786 ut
186 1745 551 1786 senatusconsulto
572 1759 624 1785 ne
648 1745 975 1797 obtemperetur,
999 1755 1080 1795 quo
1102 1741 1263 1781 foedius
1283 1756 1361 1782 1100
1383 1742 1473 1782 fieri
1503 1757 1580 1783 nec
1602 1742 1714 1797 cogi-

117 1810 199 1852 tari
239 1810 464 1864 quidquam
504 1813 676 1863 potest:
720 1808 773 1848 ad
813 1805 1144 1847 misericordiam
1185 1807 1311 1847 redeo
1352 1807 1454 1860 ejus,
1491 1807 1556 1847 cui
1593 1807 1716 1847 nimis

119 1874 285 1915 videtur
306 1878 476 1914 senat-us
497 1873 538 1913 in
561 1872 844 1913 conservanda
874 1870 1010 1925 patria
1040 1870 1167 1911 fuisse
1195 1871 1387 1912 crudelis.
1450 1871 1629 1912 Edicere
1650 1876 1716 1912 est

120 1953 247 1979 ausus
268 1953 362 1979 cum
383 1938 451 1978 illo
473 1952 548 1978 suo
569 1937 671 1991 pari,
703 1951 826 1991 quem
848 1941 988 1976 tamen
1012 1935 1202 1975 omnibus
1224 1935 1336 1976 vitiis
1357 1950 1555 1990 superare
1577 1936 1717 1991 cupie-

122 2004 207 2051 bat,
241 2008 290 2043 ut
320 2007 493 2043 senatus
525 2006 672 2042 contra
706 2015 830 2055 quam
861 2000 949 2054 ipse
981 1998 1213 2040 censuisset
1243 2000 1297 2039 ad
1325 2000 1525 2041 vestitum
1545 2001 1716 2041 rediret.

126 2067 229 2119 Quis
250 2067 329 2107 hoc
351 2066 452 2108 fecit
473 2067 556 2107 ulla
583 2066 625 2106 in
658 2065 830 2120 Scythia
861 2070 1076 2119 tyrannus,
1100 2069 1149 2105 ut
1170 2078 1242 2104 eos
1265 2078 1370 2118 quos
1391 2065 1509 2105 luctu
1531 2065 1719 2106 afficeret

125 2132 268 2186 lugere
288 2146 371 2171 non
392 2131 580 2172 sineret?
638 2130 878 2170 Maerorem
899 2128 1118 2183 relinquis:
1143 2128 1345 2169 maeroris
1366 2129 1505 2169 aufers
1526 2129 1717 2184 insignia.

173 2262 287 2301 emori]
336 2261 373 2292 C.
406 2264 413 2278 ⁴
431 2261 459 2290 ei
489 2261 591 2297 mori,’
625 2261 788 2291 Halm.—-⁴
807 2261 905 2300 gemi-

130 2315 207 2334 num
220 2304 239 2334 ι’
273 2307 280 2321 ‘
298 2304 491 2333 simillimum
503 2303 510 2317 '
546 2303 751 2344 (Manutius).
763 2320 806 2326 —-
819 2306 826 2320 ⁴
845 2304 904 2334 Cn.

132 2346 318 2386 Pompeium
333 2346 352 2375 :’
377 2346 466 2375 there
500 2346 526 2375 is
552 2356 571 2376 a
593 2350 681 2385 great
704 2346 774 2376 deal
796 2346 829 2376 in
851 2346 906 2376 the

951 2260 1027 2300 gard
1042 2262 1076 2290 to
1094 2259 1183 2290 strict
1206 2259 1361 2290 1111111-ί
1373 2269 1526 2289 carcerem
1540 2259 1559 2287 :'
1582 2260 1658 2300 they
1678 2260 1723 2290 let

950 2313 1023 2333 men
1040 2306 1096 2333 out
1112 2303 1148 2332 of
1167 2302 1222 2332 the
1237 2303 1370 2341 prisons,
1388 2303 1449 2332 and
1472 2303 1607 2342 perhaps
1623 2304 1722 2333 slaves

950 2349 1007 2376 out
1023 2346 1057 2375 of
1069 2345 1124 2375 the
1142 2348 1148 2361 ‘
1163 2344 1340 2384 ergastula,’
1358 2355 1391 2374 as
1406 2345 1446 2374 he
1463 2355 1543 2385 says.

132 2390 277 2428 spurious
294 2389 431 2418 orations
447 2388 543 2418 about
556 2389 614 2419 Cn.
628 2389 796 2428 Pompeius
812 2389 906 2427 being

134 2433 208 2462 shut
229 2441 272 2470 up
296 2431 329 2460 in
352 2431 400 2460 his
425 2430 533 2460 house.
573 2432 632 2461 See
647 2432 719 2461 Vol.
736 2432 779 2461 iii.
798 2431 909 2467 Index,

136 2474 372 2513 Pompeius.—‘
390 2476 587 2502 mortuorum
602 2474 621 2503 :'
647 2474 778 2503 Abrami
801 2474 910 2503 thinks

134 2517 205 2555 that
226 2516 289 2545 this
312 2515 397 2544 word
424 2515 450 2544 is
474 2525 493 2544 a
515 2516 691 2553 glossema3
715 2516 777 2545 and
793 2516 909 2546 Manu-

135 2560 198 2589 tius
228 2559 254 2587 is
284 2557 320 2587 of
346 2558 400 2586 the
425 2567 510 2587 same
537 2558 678 2597 opinion.
725 2558 823 2588 Halm
853 2558 910 2588 has

137 2605 145 2619 ⁴
163 2599 417 2640 [mortuorum].’
593 2621 598 2627 .

155 2640 158 2642 ’
182 2644 216 2672 in
235 2643 392 2673 Catilinae
409 2641 515 2680 busto]
563 2642 729 2672 Manutius
753 2653 834 2682 says,
857 2642 913 2672 the

139 2685 228 2726 place
243 2685 346 2714 where
362 2683 498 2714 Catilina
513 2693 576 2712 was
592 2684 697 2714 killed.
744 2685 809 2714 But
825 2695 911 2714 com-

139 2738 215 2768 pare
230 2727 284 2757 the
304 2736 435 2766 passage
458 2726 490 2754 in
505 2726 560 2755 the
575 2727 695 2756 oration
714 2727 774 2756 Pro
791 2727 913 2763 Flacco,

141 2781 168 2801 c.
186 2771 238 2806 38,
255 2769 317 2799 and
339 2769 394 2799 the
418 2771 504 2803 note,
521 2768 592 2797 Vol.
610 2768 653 2798 iii.
687 2769 852 2805 However,
869 2779 914 2799 we

142 2815 259 2843 cannot
278 2812 318 2842 be
335 2811 421 2850 quite
438 2811 554 2840 certain
570 2810 654 2840 what
670 2811 778 2841 Cicero
796 2821 913 2841 means.

144 2856 196 2886 He
219 2855 246 2886 is
270 2854 422 2894 speaking
439 2856 446 2870 ‘
458 2852 614 2889 oratorie,'
630 2853 764 2884 without
786 2864 847 2894 any
865 2863 914 2884 re·-

994 2389 1024 2418 8.
1049 2389 1114 2427 qui,
1138 2387 1250 2426 quum]
1280 2388 1354 2426 ‘qui
1380 2387 1494 2427 quum’
1518 2388 1566 2417 ed.
1588 2388 1722 2424 Veneta,

957 2431 1049 2466 1472,
1068 2433 1074 2447 ‘
1090 2431 1139 2459 cui
1156 2439 1253 2469 quum
1265 2430 1272 2443 '
1292 2430 1327 2459 C.
1347 2430 1486 2470 (Halm.)
1531 2430 1600 2460 The
1616 2434 1724 2460 senate

954 2472 1016 2502 had
1042 2472 1133 2502 made
1161 2482 1180 2501 a
1204 2473 1380 2502 consultum
1406 2473 1477 2502 that
1499 2473 1555 2502 the
1581 2473 1666 2502 dress
1693 2473 1729 2501 of

954 2515 1122 2553 mourning
1147 2515 1258 2544 should
1283 2515 1323 2544 be
1344 2518 1402 2554 put
1426 2525 1478 2552 on,
1502 2516 1591 2545 when
1615 2515 1724 2545 Cicero

953 2567 1015 2586 was
1041 2557 1227 2586 threatened
1252 2558 1328 2587 with
1355 2558 1536 2597 danger.—‘
1548 2557 1691 2587 barbaria
1705 2557 1724 2587 :’

956 2599 1028 2629 Vol.
1045 2600 1087 2629 iii.
1107 2600 1217 2629 Index.

1001 2645 1112 2671 contra
1130 2642 1240 2681 quam]
1284 2642 1342 2672 See
1358 2642 1449 2671 Verr.
1466 2642 1498 2671 ii.
1515 2643 1546 2678 4,
1563 2652 1588 2672 0.
1606 2643 1636 2678 6,
1653 2645 1729 2671 note

956 2693 997 2713 on
1015 2687 1022 2700 ⁴
1037 2688 1146 2714 contra
1168 2684 1281 2714 ae.'—‘
1295 2685 1334 2714 ad
1352 2685 1498 2714 vestitum
1522 2685 1638 2714 rediret
1651 2683 1672 2713 :'
1695 2689 1728 2713 to

957 2736 1081 2756 resume
1104 2727 1158 2756 the
1173 2727 1319 2765 ordinary
1335 2727 1486 2756 dress—⁶
1500 2726 1548 2756 his
1571 2736 1636 2755 non
1650 2726 1669 2755 :’
1696 2727 1729 2756 S.

958 2768 1014 2798 has
1032 2771 1039 2784 ‘
1053 2769 1092 2798 iis
1103 2769 1122 2805 3'
1146 2769 1205 2798 but
1222 2769 1317 2798 Halm
1333 2769 1472 2798 remarks
1492 2768 1563 2798 that
1578 2769 1687 2798 Cicero
1702 2770 1730 2798 is

959 2811 1111 2850 speaking
1130 2812 1162 2841 in
1184 2811 1238 2841 the
1262 2815 1379 2847 senate,
1396 2811 1457 2841 and
1481 2811 1521 2840 he
1544 2821 1651 2841 means
1674 2811 1730 2841 the

960 2856 1112 2891 senators,
1129 2854 1220 2884 those
1235 2854 1338 2884 whom
1354 2854 1394 2883 he
1409 2853 1435 2883 is
1451 2853 1642 2892 addressing.
