1816 3211
98 179 178 219 640
240 175 419 217 ORAT.
454 172 969 216 PHILIPPIOARUM
1005 171 1193 212 LIBER
1225 171 1616 215 UNDEOIMUS.

96 291 309 333 nefarium.
374 289 461 330 III.
495 289 726 344 Imaginem
770 288 833 328 M.
872 286 1050 327 Antonii
1092 284 1353 326 crudelitatis
1392 285 1434 326 in
1472 285 1692 327 Dolabella

97 357 290 398 cernitis:
325 370 376 396 ex
409 355 486 395 hoc
509 354 577 394 illa
609 354 747 395 efficta
775 356 867 400 est3
902 352 954 392 ab
976 352 1055 392 hoc
1080 350 1188 404 [illa]
1214 349 1457 391 Dolabellae
1489 351 1692 391 scelerum

96 426 321 477 praecepta
357 423 455 460 sunt
492 418 662 459 tradita.
726 417 839 457 Num
873 416 1071 456 leniorem
1105 429 1228 469 quam
1261 414 1303 454 in
1337 414 1443 455 Asia
1477 415 1694 456 Dolabella

94 487 175 527 fuit
198 487 239 526 in
264 485 386 525 Italia
407 484 442 523 si
464 483 586 523 liceat
616 482 704 522 fore
737 480 898 535 putatis
921 480 1185 521 Antonium?
1246 479 1354 519 Mihi
1376 479 1543 534 quidem
1563 485 1606 521 et
1627 480 1693 521 illc

94 550 333 607 pervenisse
354 549 531 598 videtur,
564 547 702 601 quoad
733 545 930 600 progredi
961 544 1147 600 potuerit
1178 545 1254 585 feri
1284 544 1463 585 hominis
1494 544 1690 595 amentia,

95 630 228 670 neque
262 613 475 654 Antonius
511 612 634 652 ullius
668 610 859 666 supplicii
893 610 1129 659 adhibendi,
1166 609 1201 650 si
1233 614 1492 664 potestatem
1526 609 1692 658 habeat,

95 681 221 720 ullam
255 693 346 719 esse
382 682 544 733 partem
577 677 812 717 relicturus.
876 676 1030 717 Ponite
1066 675 1195 730 igitur
1227 680 1326 716 ante
1362 676 1514 726 oculos,
1552 681 1694 730 patres

96 743 336 799 conscripti,
374 743 567 783 miseram
603 741 715 781 illam
748 741 915 796 quidem
936 745 980 782 et
1001 740 1180 781 flebilem
1208 740 1404 795 speciem,
1427 741 1500 780 sed
1521 741 1574 780 ad
1595 741 1694 781 inci-

94 811 247 852 tandos
268 813 437 849 nostros
463 807 624 853 animos
655 806 932 847 necessariam
949 821 957 845 :
990 810 1243 846 nocturnum
1264 805 1466 860 impetum
1487 805 1529 845 in
1549 806 1695 846 urbem

97 875 227 916 Asiae
265 873 550 921 clarissimam,
593 871 869 926 irruptionem
908 876 1164 911 armatorum
1199 870 1242 910 in
1276 870 1471 910 Trebonii
1512 871 1692 922 domum,

97 956 224 997 quum
245 940 371 980 miser
391 938 457 978 ille
479 937 593 992 prius
621 937 827 978 latronum
848 936 1010 990 gladios
1031 935 1192 976 videret
1214 949 1338 990 quam
1369 950 1474 990 quae
1494 950 1562 976 res
1583 941 1695 976 esset

96 1007 308 1048 audisset:
342 1003 520 1044 furentis
553 1001 774 1042 introitum
809 1000 1067 1051 Dolabellae,
1090 1014 1236 1041 vocem
1267 1000 1473 1055 impuram
1502 1005 1629 1055 atque
1650 1014 1697 1040 os

96 1072 196 1112 illud
210 1070 374 1118 infame,
391 1067 565 1117 vincula,
582 1068 768 1114 verber,a
784 1066 988 1114 eculeum,
1004 1069 1210 1106 tortorem
1227 1065 1545 1120 carnificemque
1564 1065 1696 1106 Sami-

96 1136 256 1183 arium;
293 1148 398 1188 quae
419 1132 564 1173 tulisse
580 1131 695 1171 illum
716 1130 883 1171 fortiter
899 1135 941 1170 et
954 1130 1165 1185 patienter
1192 1129 1345 1170 ferunt.
1409 1130 1572 1185 Magna
1591 1130 1693 1178 laus,

97 1215 272 1255 meoque
307 1198 466 1253 judicio
509 1196 692 1236 omnium
733 1195 940 1241 maxima;
990 1200 1056 1236 est
1091 1195 1201 1235 enim
1237 1194 1451 1249 sapientis,
1495 1195 1697 1250 quidquid

97 1265 254 1307 homini
289 1263 478 1304 accidere
505 1261 650 1317 possit,
684 1261 726 1300 id
756 1260 1050 1315 praemeditari
1082 1260 1298 1300 ferendum
1330 1260 1492 1300 modice
1528 1274 1631 1308 esse,
1662 1259 1697 1300 si

98 1330 296 1373 evenerit.
345 1327 523 1382 Majoris
545 1326 713 1380 omnino
728 1332 795 1367 est
817 1325 977 1366 consilii
997 1325 1214 1380 providere
1228 1340 1279 1366 ne
1293 1324 1392 1380 quid
1413 1325 1497 1366 tale
1518 1323 1694 1374 accidat,

98 1396 224 1438 animi
246 1409 328 1435 non
356 1392 528 1433 minoris
548 1391 716 1433 fortiter
736 1391 845 1432 ferre
867 1391 901 1432 si
924 1390 1122 1432 evenerit.
1185 1390 1251 1431 Ac
1283 1389 1501 1430 Dolabella
1531 1389 1698 1444 quidem

99 1466 186 1503 tam
206 1461 286 1501 fuit
306 1460 523 1499 immemor
544 1456 832 1505 humanitatis,
855 1471 1108 1511 quamquam
1129 1455 1219 1510 ejus
1240 1469 1466 1509 numquam
1486 1454 1698 1509 particeps

98 1527 191 1576 fuit,
228 1530 276 1565 ut
308 1539 427 1565 suam
461 1522 741 1563 insatiabilem
775 1521 1067 1562 crudelitatem
1103 1520 1338 1561 exercuerit
1370 1534 1455 1560 non
1488 1519 1622 1560 solum
1656 1519 1699 1559 in

101 1592 204 1641 vivo,
238 1582 311 1631 sed
331 1590 459 1631 etiam
480 1588 521 1628 in
543 1593 722 1637 mortuo,
755 1592 883 1641 atque
915 1586 956 1626 in
987 1587 1079 1641 ejus
1108 1600 1281 1640 corpore
1316 1584 1537 1625 lacerando
1572 1590 1699 1639 atque

102 1657 304 1704 vexando,
328 1669 454 1709 quum
476 1653 659 1694 animum
682 1651 837 1692 satiare
859 1666 942 1692 non
963 1655 1120 1705 posset,
1145 1650 1287 1690 oculos
1308 1649 1470 1704 paverit
1491 1663 1602 1689 suos.

161 1721 243 1763 IV.
277 1721 312 1761 O
335 1719 466 1760 multo
488 1717 676 1758 miserior
699 1716 919 1756 Dolabella
946 1730 1071 1770 quam
1101 1715 1179 1764 ille,
1212 1729 1336 1769 quem
1357 1718 1403 1754 tu
1426 1713 1700 1754 miserrimum

103 1801 195 1827 esse
245 1783 442 1825 voluisti!
519 1782 698 1822 Dolores
741 1780 975 1820 Trebonius
1014 1779 1190 1834 pertulit
1236 1793 1437 1833 magnos3
1485 1777 1606 1818 multi
1647 1792 1700 1818 ex

104 1850 238 1892 morbi
259 1848 467 1904 gravitate
498 1847 691 1900 majores,
724 1859 827 1899 quos
854 1849 996 1885 tamen
1024 1858 1107 1884 non
1139 1844 1325 1889 miseros.
1365 1844 1438 1884 sed
1469 1843 1700 1884 laboriosos

105 1916 285 1956 solemus
307 1913 457 1953 dicere.
523 1910 696 1965 Longus
717 1910 797 1950 fuit
818 1909 934 1949 dolor
954 1908 1096 1955 bidui;
1129 1912 1175 1949 at
1196 1908 1476 1962 compluribus
1497 1922 1702 1948 annorum

106 1994 229 2034 saepe
264 1977 501 2018 multorum.
565 1974 654 2015 Nec
696 1989 792 2014 vero
837 1973 1030 2029 graviora
1069 1978 1169 2013 sunt
1209 1973 1452 2013 carnificum
1491 1976 1702 2013 tormenta

108 2060 233 2101 quam
267 2043 478 2083 interdum
513 2040 795 2081 cruciamenta
823 2040 1073 2079 morborum.
1135 2038 1235 2078 Alia
1266 2043 1376 2088 sunt,
1404 2038 1495 2088 alia,
1519 2038 1699 2092 inquam,

152 2177 183 2207 3.
207 2176 310 2214 efficta
327 2174 387 2213 est]
438 2175 456 2190 “
472 2173 579 2203 Habet
594 2172 673 2202 liber
686 2171 880 2210 manuscrip-

108 2223 160 2249 tus
181 2222 212 2249 et
236 2219 280 2248 ita
306 2217 434 2247 omnino
460 2215 627 2255 legendum
653 2214 797 2254 opinor''
827 2214 878 2254 (F.

110 2261 245 2301 Ursini).
294 2260 388 2290 Halm
420 2269 580 2299 expresses
610 2269 628 2287 a
654 2258 754 2287 doubt
784 2257 881 2286 about

111 2305 193 2334 this:
224 2305 347 2342 ‘effeta
373 2303 492 2332 codex?
517 2300 648 2331 Ursini.'
694 2301 723 2330 V
749 2300 779 2330 D
806 2300 885 2329 have

114 2346 266 2376 ‘effecta’
313 2346 377 2374 But
408 2344 551 2374 ‘efficta'
580 2345 606 2373 is
629 2343 684 2373 the
710 2343 807 2373 word.
854 2342 886 2372 It

114 2388 320 2427 corresponds
336 2392 368 2416 to
385 2391 392 2404 ⁴
406 2388 522 2426 effigies
536 2386 543 2399 ’
562 2386 658 2426 (Phil.
674 2386 716 2416 ix.
734 2396 759 2416 c.
773 2385 819 2425 5).

925 2169 1065 2211 θεάτρῳ,
1079 2173 1156 2207 &c.;
1150 2169 1235 2200 a·nd
1251 2180 1269 2200 a
1284 2170 1366 2200 little
1383 2170 1504 2199 further
1519 2179 1558 2199 on
1572 2168 1612 2210 (c.
1624 2169 1701 2206 49):

925 2212 1020 2244 ”Αλλ
1039 2212 1149 2250 ἐπειδη
1168 2215 1238 2249 τοῖς
1260 2213 1413 2252 σώμασιν
1438 2213 1476 2242 οὐ
1494 2210 1702 2252 παρεγὲιεθε,

925 2259 1000 2293 ταῖς
1024 2268 1060 2296 γε
1085 2255 1248 2291 διανοίαις
1275 2254 1490 2296 ἀποβλέψατ’
1518 2255 1631 2285 αὐτῶν
1658 2253 1704 2290 εἰς

930 2300 990 2334 τὰς
1008 2299 1188 2339 συμφορὰς,
1205 2300 1261 2328 &c.

973 2341 1130 2380 eculeum]
1181 2341 1239 2370 See
1254 2341 1309 2370 the
1325 2340 1437 2370 Index.

974 2387 1019 2414 est
1039 2386 1120 2414 enim
1135 2384 1305 2422 sapientis]
1355 2383 1529 2412 Lambinus
1552 2391 1704 2422 supposes

157 2431 277 2470 quoad]
307 2434 313 2446 ‘
328 2429 469 2469 quodad’
494 2430 588 2459 V.—‘
600 2439 702 2468 neque
726 2428 885 2458 Antonius

143 2497 150 2504 .
169 2496 176 2503 .
193 2472 387 2502 relicturus?
413 2473 522 2502 Cicero
544 2482 621 2501 soon
644 2471 742 2502 found
766 2471 829 2500 this
853 2475 885 2500 to

116 2518 155 2547 be
170 2520 239 2546 true
255 2515 293 2554 by
312 2515 359 2544 his
375 2525 445 2544 own
461 2515 654 2553 experience.

159 2559 275 2589 Ponite
291 2558 407 2596 z‘yitm]
456 2558 532 2586 This
547 2558 582 2592 is,
600 2567 633 2586 as
649 2557 795 2586 Muretus
811 2566 884 2595 sup

115 2611 208 2642 poses
233 2601 321 2640 (Var.
340 2600 426 2629 Lect.
444 2600 504 2629 viii.
530 2610 556 2629 c.
577 2600 641 2638 10),
665 2610 705 2628 an
729 2599 887 2628 imitation

117 2646 152 2675 of
174 2655 191 2673 a
218 2652 346 2682 passage
371 2642 406 2671 of
427 2642 597 2671 Aeschines
625 2643 656 2670 in
682 2643 736 2671 the
753 2642 886 2671 Oration

116 2688 238 2727 against
255 2685 446 2723 Ctesiphon;
469 2685 530 2713 and
541 2685 649 2714 Cicero
666 2684 721 2713 has
736 2694 754 2713 a
770 2685 887 2713 similar

116 2729 283 2763 imitation,
300 2728 325 2757 if
338 2728 363 2756 it
386 2728 410 2756 is
427 2737 497 2760 one,
514 2727 545 2755 in
563 2727 616 2756 the
633 2727 747 2756 second
763 2727 885 2756 oration

118 2774 167 2803 De
182 2773 265 2810 Lege
277 2771 422 2808 Agraria.
417 2782 423 2787 ·
444 2772 461 2786 “
475 2769 583 2798 Ponite
595 2773 668 2798 ‘inte
680 2769 785 2798 oculos
799 2769 885 2798 vobis

119 2813 285 2850 Ιὶι1111111ῑι,’1
300 2816 355 2843 Sec.
401 2812 469 2842 The
486 2822 615 2850 passage
630 2811 665 2840 of
678 2812 739 2840 Aes
743 2811 867 2841 chincs'
860 2822 886 2841 15

120 2859 161 2899 (c.
178 2857 252 2897 48);
272 2856 331 2886 Γὲι
334 2855 405 2886 εσθε
423 2853 462 2890 δι’]
480 2866 533 2894 μοι
550 2854 686 2892 σμικρὸι
705 2853 786 2891 xpri)
791 2867 805 2883 0
811 2866 829 2883 ν
846 2855 890 2894 τῆ

118 2901 248 2941 διανοίᾳ
276 2900 320 2939 μὴ
343 2899 376 2929 ἐι
396 2910 442 2938 τῳ
459 2896 669 2936 ὂικαστηοίῳ,
687 2895 763 2925 ἀλλ’
781 2895 815 2927 ἐν
841 2897 888 2935 τῶ

928 2427 999 2456 that
1011 2427 1120 2457 Cicero
1136 2426 1192 2456 has
1208 2426 1284 2455 used
1303 2425 1451 2455 Pittacus'
1466 2426 1576 2465 saying
1591 2424 1702 2465 (Diog.

930 2470 1036 2500 Laert.
1068 2470 1220 2505 Pittacus,
1256 2468 1328 2498 Lib.
1364 2469 1384 2498 i.
1389 2468 1423 2508 )·
1464 2478 1614 2498 συνετων
1642 2468 1703 2507 μὲν

930 2511 1067 2550 ἀνδρῶν
1094 2513 1176 2551 πρὶν
1204 2510 1357 2551 γενέσθαι
1384 2511 1425 2540 τὰ
1451 2509 1596 2549 δυσχερῆ
1623 2521 1703 2549 προ-

931 2557 1053 2591 νοῆσαι
1089 2554 1181 2589 ὅπως
1210 2554 1257 2594 μὴ
1293 2552 1444 2594 γένηται·
1478 2552 1641 2593 ἀνδρειων
1671 2550 1703 2582 δὲ

933 2597 1073 2637 γενόμει
1077 2609 1095 2627 α
1115 2597 1149 2627 εὖ
1167 2595 1292 2626 θέσθαι.

968 2640 1112 2679 paverit]
1142 2639 1310 2668 Feriarius.
1356 2638 1425 2668 The
1440 2637 1536 2667 MSS.
1558 2646 1611 2667 are
1635 2636 1703 2667 said

930 2685 963 2711 to
980 2683 1082 2712 have⁴
1095 2681 1202 2721 pavit.’
1248 2682 1313 2711 But
1335 2681 1389 2710 the
1405 2681 1519 2715 clause,
1535 2690 1568 2709 as
1594 2679 1703 2710 Ferra-

929 2725 994 2755 rius
1010 2735 1090 2764 says.
1108 2735 1208 2754 seems
1224 2726 1257 2754 to
1275 2724 1398 2762 depend
1421 2733 1462 2752 011
1478 2723 1532 2752 the
1550 2723 1616 2752 first
1631 2725 1704 2762 part

930 2768 965 2797 of
978 2768 1032 2797 the
1048 2771 1205 2797 sentence.

974 2812 1003 2840 4.
1029 2809 1217 2848 laboriosos]
1267 2809 1325 2838 See
1341 2808 1402 2838 Pro
1419 2807 1533 2843 Caelio,
1547 2817 1575 2837 c.
1595 2807 1623 2841 1,
1639 2807 1703 2836 and

930 2854 984 2882 the
999 2856 1139 2882 note.-—‘
1153 2854 1312 2882 tormenta
1325 2873 1332 2880 .
1351 2873 1358 2881 .
1377 2874 1383 2881 .
1397 2851 1606 2880 cruciamenta
1621 2849 1640 2879 :'
1658 2850 1700 2886 D,

933 2896 1162 2925 ‘cruciamenta
1178 2917 1185 2924 .
1205 2917 1212 2925 .
1230 2917 1237 2924 .
1253 2897 1411 2925 tormenta
1422 2893 1429 2907 '
1446 2893 1485 2923 V.
