1816 3211
728 177 862 220 OAP.
894 179 1019 219 4—6.
1594 181 1673 222 609

80 289 294 331 acerrime.
340 290 421 343 Qui
436 290 766 333 intercurrerent
785 291 974 333 misimus
994 295 1084 333 tres
1103 291 1312 347 principes
1334 291 1530 334 civitatis.
1578 292 1673 335 Hos

81 356 345 410 contempsit,
379 357 538 412 rejecit,
570 357 803 413 repudiavit
824 357 1064 399 Antonius:
1098 362 1146 399 tu
1165 363 1308 399 tamen
1336 373 1554 413 permanes
1575 372 1674 399 con-

42 422 45 423 ’
79 420 363 463 stantissimus
404 422 597 464 defensor
637 422 828 464 Antonii.
891 422 952 464 Et
991 422 1158 477 quidem
1199 438 1280 478 quo
1320 423 1469 464 melior
1503 427 1674 464 senator

78 484 278 535 videatur,
302 491 430 541 negat
449 502 494 528 se
515 487 571 528 illi
591 487 774 528 amicum
794 502 885 528 esse
908 488 1058 528 debere
1077 504 1088 535 ;
1123 502 1250 541 quum
1270 503 1346 529 suo
1372 502 1525 543 magno
1559 492 1673 530 esset

79 550 292 601 beneficio,
315 552 478 593 venisse
509 567 604 593 eum
635 557 784 594 contra
805 567 864 594 se.
927 552 1038 593 Vide
1066 559 1221 607 quanta
1242 553 1397 594 caritas
1417 554 1474 594 sit
1494 553 1671 608 patriae.

80 615 218 666 Quum
244 616 402 657 homini
422 617 478 658 sit
498 616 642 668 iratus,
667 623 809 659 tamen
836 616 896 659 rei
927 618 1116 674 publicae
1148 632 1297 659 caussa
1324 618 1512 660 defendit
1533 619 1670 660 Anto-

78 694 206 720 mum.

135 744 228 799 Ego
249 748 303 796 te,
329 760 457 802 quum
477 746 519 787 in
543 747 831 788 Massilienses
862 752 951 788 tam
985 762 1030 789 es
1060 749 1248 798 acerbus,
1282 748 1391 797 Fufi,
1414 763 1499 789 non
1528 748 1668 789 animo

75 825 207 865 aequo
247 812 384 853 audio.
447 812 672 866 Quousque
713 812 822 852 enim
866 812 1101 853 Massiliam
1142 813 1430 867 oppugnabis?
1491 813 1556 853 Ne
1595 813 1669 854 tri-

76 876 255 930 umphus
285 877 452 932 quidem
482 877 609 918 finem
642 877 744 918 facit
775 876 903 918 belli?
933 891 1008 932 per
1038 891 1161 932 quem
1181 877 1269 918 lata
1289 882 1355 918 est
1375 878 1474 918 urbs
1495 892 1555 926 ea,
1579 878 1668 919 sine

76 955 158 996 qua
187 956 413 997 numquam
445 957 498 983 ex
529 942 816 997 Transalpinis
851 941 1048 997 gentibus
1080 942 1261 996 majores
1282 942 1418 983 nostri
1439 942 1670 998 triumpha-

74 1011 235 1048 verunt.
297 1008 390 1060 Quo
411 1008 577 1063 quidem
599 1012 787 1063 tempore
808 1008 986 1063 populus
1008 1007 1226 1048 Romanus
1250 1007 1467 1063 ingemuit.
1515 1009 1669 1061 Quam-

73 1086 198 1126 quam
218 1073 411 1127 proprios
433 1073 596 1114 dolores
617 1088 785 1114 suarum
809 1087 950 1113 rerum
969 1087 1113 1113 omnes
1133 1073 1357 1123 habebant,
1380 1078 1523 1114 tamen
1543 1073 1668 1127 hujus

75 1137 260 1178 civitatis
289 1137 553 1178 fidelissimae
584 1138 772 1179 miserias
800 1152 923 1179 nemo
945 1143 1038 1179 erat
1060 1138 1160 1179 civis
1181 1138 1251 1193 qui
1271 1152 1296 1178 a
1316 1152 1361 1179 se
1381 1138 1536 1179 alienas
1556 1138 1665 1178 arbi-

73 1207 270 1244 traretur.
332 1202 487 1244 Caesar
518 1203 619 1258 ipse,
643 1203 713 1258 qui
744 1203 824 1243 illis
856 1203 996 1244 fuerat
1028 1202 1292 1252 iratissimus,
1323 1208 1466 1244 tamen
1493 1208 1666 1258 propter

73 1268 326 1323 singularem
361 1268 453 1322 ejus
484 1268 666 1309 civitatis
697 1268 950 1323 gravitatem
972 1272 1016 1308 et
1036 1267 1162 1307 fidem
1194 1267 1379 1322 quotidie
1407 1267 1562 1322 aliquid
1584 1268 1664 1308 ira-

73 1333 246 1374 cundiae
286 1333 555 1374 remittebat:
601 1337 643 1373 te
675 1333 789 1374 nulla
820 1347 895 1373 sua
927 1332 1168 1373 calamitate
1201 1332 1348 1374 civit-as
1382 1333 1538 1374 satiare
1574 1338 1663 1374 tam

72 1398 205 1438 fidelis
226 1403 368 1453 potest
384 1399 397 1438 ἓ
440 1397 602 1439 Rursus
619 1398 707 1452 jam
723 1412 788 1438 me
804 1397 927 1438 irasci
943 1398 1123 1438 fortasse
1139 1397 1264 1439 dices.
1309 1398 1403 1453 Ego
1417 1404 1558 1440 autem
1574 1399 1663 1440 sine

71 1463 284 1504 iracundia
304 1463 396 1505 dico
413 1462 500 1518 [ut]
520 1464 669 1513 omnia,
687 1478 763 1505 nec
784 1468 924 1504 tamen
945 1463 1035 1504 sine
1057 1463 1198 1504 dolore
1220 1463 1359 1513 animi,
1378 1464 1584 1505 neminem
1606 1464 1661 1504 illi

73 1530 234 1571 civitati
254 1529 466 1570 inimicum
490 1544 581 1570 esse
602 1529 795 1579 arbitror,
819 1529 888 1584 qui
910 1528 1069 1569 amicus
1090 1528 1184 1569 huic
1206 1529 1261 1569 sit
1283 1528 1459 1570 civitati.
1524 1529 1661 1570 Exco-

70 1595 207 1651 gitare
229 1609 334 1650 quae
355 1599 431 1636 tua
451 1594 559 1635 ratio
581 1594 650 1643 sit,
675 1593 837 1644 Calene,
862 1609 946 1635 non
973 1608 1157 1648 possum.
1218 1593 1362 1634 Antea
1389 1594 1597 1634 deterrere
1618 1598 1662 1634 te

70 1674 121 1700 ne
142 1660 352 1715 popularis
388 1674 500 1700 esses
532 1674 614 1699 non
650 1663 918 1714 poteramus:
953 1673 1127 1699 exorare
1157 1672 1268 1698 nunc
1290 1663 1339 1699 ut
1358 1658 1416 1699 sis
1448 1658 1660 1713 popularis

68 1740 152 1767 non
181 1739 416 1780 possumus.
480 1723 594 1765 Satis
626 1724 759 1765 multa
791 1738 885 1765 cum
920 1723 1058 1773 Fufio,
1081 1737 1130 1764 ac
1150 1722 1239 1764 sine
1268 1723 1362 1764 odio
1385 1723 1534 1774 omnia,
1558 1723 1659 1764 nihil

68 1855 162 1886 quam
180 1855 235 1876 sex
251 1846 313 1876 mei
332 1845 461 1882 habent,
482 1845 566 1886 apud
581 1845 718 1875 editores
738 1845 838 1875 altum

67 1893 117 1918 est
131 1889 308 1925 silentium3
330 1899 388 1919 nec
402 1892 508 1919 tamen
525 1889 623 1927 magis
639 1892 834 1928 compertum

69 1930 221 1961 habemus
233 1931 307 1970 quid
322 1932 423 1962 valeat
437 1941 518 1961 nova
532 1932 625 1961 lectio
642 1942 737 1971 quam
755 1941 836 1971 quae

67 1973 142 2003 insit
168 1974 324 2003 sententia
343 1975 376 2003 in
399 1975 588 2014 interpolata
610 1975 745 2004 lectione
766 1974 835 2003 vul-

67 2021 140 2055 gata
153 2015 172 2028 '’
191 2015 330 2056 (Halm).
377 2016 392 2046 Ι
409 2020 525 2046 cannot
534 2027 626 2055 guess
639 2016 723 2046 what
739 2020 746 2033 ‘
759 2026 834 2046 con-

67 2059 179 2089 ductae
205 2058 326 2089 lineae’
352 2069 410 2088 can
434 2069 535 2089 mean.
582 2059 614 2088 It'
636 2058 786 2088 ‘vineae'
807 2059 834 2089 is

67 2102 122 2131 the
144 2105 214 2131 true
239 2101 334 2137 word,
362 2102 386 2131 it
412 2102 438 2130 is
462 2101 517 2130 the
547 2101 710 2139 coverings
734 2101 835 2130 under

66 2144 169 2174 which
186 2144 339 2183 besiegers
363 2144 453 2173 made
479 2144 560 2173 their
583 2144 775 2183 approaches
801 2147 834 2173 to

66 2187 121 2217 the
137 2187 206 2217 wall
221 2187 257 2217 of
269 2187 324 2216 the
339 2186 482 2225 besieged
498 2190 581 2216 town
595 2198 602 2222 ;
627 2186 684 2215 but
699 2186 754 2215 the
772 2187 834 2216 Ro-

66 2239 139 2260 man
149 2230 329 2269 expression
346 2230 370 2259 is
388 2233 395 2246 ‘
409 2240 498 2269 agere
511 2228 638 2263 vineas!
653 2228 777 2265 Caesar,
795 2229 832 2258 B.

68 2273 107 2304 G.
123 2273 156 2303 ii.
172 2283 198 2303 c.
215 2274 272 2309 343
305 2272 432 2307 Sallust,
450 2273 486 2302 B.
504 2272 535 2302 J.
553 2282 578 2301 c.
597 2273 648 2306 76.

111 2318 177 2346 tres
197 2316 378 2355 principet]
429 2315 466 2345 L.
485 2315 659 2354 Philippus,
677 2313 743 2343 Ser.
762 2313 833 2343 Sul-

65 2358 176 2398 picius,
201 2357 263 2387 and
280 2358 317 2388 L.
341 2358 422 2388 Piso.
471 2358 540 2387 Piso
562 2360 647 2387 must
671 2357 749 2386 have
775 2356 833 2386 im-

65 2401 183 2440 proved
207 2410 226 2430 a
249 2400 330 2439 good
360 2401 429 2431 deal
459 2400 543 2430 since
573 2399 681 2430 Cicero
715 2398 833 2429 abus-ed

65 2443 130 2473 him
148 2444 202 2483 (In
220 2443 350 2482 Pison.).

109 2496 206 2525 quum
241 2495 298 2515 suo
348 2495 460 2524 maqno
499 2484 594 2524 esset]
640 2488 647 2501 ¹
663 2484 756 2514 Esset
768 2483 775 2497 ’
807 2485 832 2514 is

65 2529 120 2558 the
134 2528 262 2567 reading
281 2527 317 2557 of
340 2528 378 2558 V.
428 2528 477 2558 He
501 2537 618 2563 means,
635 2537 668 2557 as
695 2527 832 2557 Faernus

64 2571 126 2601 and
148 2571 254 2600 others
275 2571 352 2600 have
368 2570 531 2610 explained
548 2571 583 2603 it,
600 2570 740 2608 ‘though
765 2570 830 2600 An-

64 2615 170 2644 tonius
187 2624 248 2643 was
265 2613 363 2643 under
383 2617 470 2651 great
484 2613 671 2652 obligations
693 2617 726 2642 to
742 2613 832 2643 Cale-

64 2657 146 2687 nus.'
191 2657 260 2686 The
284 2660 528 2685 commentators
553 2665 698 2694 compare
722 2656 831 2685 Cicero

63 2700 114 2730 Ad
133 2700 203 2729 Div.
220 2700 269 2728 vii.
288 2701 346 2729 30:
373 2702 392 2715 “
405 2699 534 2733 Acilius,
551 2699 603 2738 qui
619 2699 651 2727 in
669 2698 830 2728 Graeciam

63 2753 134 2773 cum
162 2741 337 2781 legionibus
367 2742 479 2771 missus
509 2744 566 2776 est,
597 2741 732 2770 maximo
763 2751 831 2771 mco

62 2785 215 2816 beneficio
239 2783 321 2814 est.'’
367 2784 530 2814 Manutius
551 2793 620 2822 says
636 2784 704 2813 that
719 2783 758 2813 he
775 2783 830 2814 has

62 2831 120 2858 not
153 2827 305 2858 observed
343 2826 406 2856 this
440 2827 622 2866 expression
664 2826 830 2866 anywherc

61 2871 191 2900 else.-—‘
203 2870 326 2900 venisse
352 2879 423 2899 eum
448 2873 558 2900 contra
580 2869 646 2900 se:'
671 2878 723 2900 see
748 2869 826 2900 Phil.

61 2913 94 2944 ii.
110 2922 136 2943 c.
153 2914 184 2948 2,
200 2913 262 2943 and
278 2913 332 2943 the
348 2915 432 2942 note.

119 2969 216 2995 VOL.
241 2970 298 2996 1V.

924 1844 1158 1884 Alassilienses]
1206 1844 1350 1875 Massilia
1371 1845 1434 1876 had
1457 1845 1590 1876 suffered
1608 1845 1655 1874 for

882 1887 922 1918 its
946 1888 1115 1918 resistance
1138 1893 1171 1918 to
1190 1887 1306 1919 Caesar
1329 1889 1362 1918 in
1387 1889 1441 1919 the
1465 1888 1545 1919 Civil
1566 1889 1653 1918 War.

879 1930 911 1960 It
934 1941 1035 1961 seems
1064 1931 1153 1961 there
1178 1931 1240 1961 had
1264 1931 1344 1962 been
1375 1931 1556 1971 something
1586 1931 1652 1961 said

876 1973 974 2003 about
1003 1974 1158 2013 restoring
1188 1977 1221 2004 to
1248 1975 1302 2004 the
1328 1975 1542 2004 Massilienses
1569 1975 1653 2004 what

877 2016 951 2055 they
978 2016 1039 2045 had
1063 2017 1142 2046 lost:
1176 2017 1460 2047 “Massiliensibus
1481 2018 1552 2056 jure
1578 2017 1652 2047 belli

877 2059 1024 2098 adempta
1038 2059 1216 2089 reddituros
1232 2070 1286 2089 vos
1302 2060 1493 2098 pollicemini
1506 2060 1526 2073 '’
1552 2059 1648 2099 (Phil.

877 2101 942 2130 xiii.
954 2111 979 2130 c.
998 2101 1116 2140 15).—‘
1129 2102 1192 2130 lata
1215 2106 1262 2131 est
1279 2103 1353 2131 urbs
1369 2112 1405 2131 ea
1417 2102 1436 2131 ι’
1461 2103 1516 2132 the
1532 2106 1538 2119 ⁴
1553 2103 1650 2132 simu-

877 2143 977 2172 lacra'
995 2143 1031 2172 of
1052 2144 1200 2183 captured
1225 2145 1312 2174 cities
1336 2154 1416 2174 were
1439 2144 1599 2183 displayed
1615 2145 1648 2174 in

876 2195 895 2214 a
914 2186 1036 2215 Roman
1060 2187 1211 2224 triumph.
1258 2187 1423 2216 Manutius
1453 2187 1549 2217 refers
1574 2191 1607 2217 to
1630 2198 1648 2216 a

877 2238 1006 2267 passage
1030 2229 1062 2258 in
1080 2229 1134 2258 the
1157 2229 1204 2258 De
1221 2229 1339 2259 Officiis
1364 2229 1409 2269 (ii.
1427 2239 1453 2259 c.
1471 2229 1524 2266 8):
1550 2234 1570 2246 “
1585 2230 1648 2259 Ita-

877 2281 938 2310 que
955 2272 1073 2301 vexatis
1089 2274 1120 2301 et
1137 2271 1265 2310 perditis
1280 2273 1395 2302 exteris
1411 2272 1590 2302 nationibus
1606 2273 1646 2303 ad

876 2314 1055 2352 exemplum
1086 2314 1191 2343 amissi
1228 2315 1350 2353 imperii
1379 2315 1497 2355 portari
1526 2316 1558 2346 in
1589 2316 1645 2345 tri-

876 2356 995 2395 umpho
1023 2356 1196 2386 Massiliam
1226 2357 1359 2388 vidimus
1385 2362 1418 2388 et
1443 2368 1482 2388 ex
1508 2368 1545 2389 ea
1567 2358 1645 2388 urbe

876 2398 1072 2438 triumphari,
1090 2400 1157 2429 sine
1183 2410 1245 2439 qua
1272 2410 1443 2440 numquam
1470 2402 1568 2431 nostri
1586 2402 1644 2431 im-

876 2446 1035 2480 peratores
1062 2452 1098 2471 ex
1126 2443 1326 2483 transalpinis
1352 2443 1441 2473 bellis
1467 2444 1643 2484 triumpha-

875 2483 983 2514 runt.'’
1030 2484 1170 2515 Massilia
1185 2496 1247 2515 was
1262 2496 1302 2515 an
1323 2486 1375 2516 old
1390 2487 1452 2526 ally
1473 2487 1508 2516 of
1530 2487 1641 2523 Rome,

876 2526 937 2556 and
953 2537 1029 2566 gave
1055 2527 1109 2558 the
1138 2528 1276 2558 Romans
1301 2529 1356 2559 the
1382 2530 1450 2559 first
1476 2530 1642 2560 invitation

876 2573 909 2598 to
934 2570 1056 2600 meddle
1083 2570 1157 2600 with
1181 2572 1284 2601 affairs
1311 2572 1342 2601 in
1369 2572 1470 2602 Gallia
1495 2573 1642 2603 Transal-

876 2613 949 2651 pina
968 2612 1044 2652 (Pro
1066 2613 1113 2643 M.
1133 2614 1273 2649 Fonteio,
1298 2625 1324 2644 c.
1342 2617 1372 2651 5,
1392 2615 1451 2645 and
1469 2615 1522 2645 tho.
1539 2616 1640 2645 note-5.

876 2655 948 2685 Itis
964 2659 1020 2686 not
1042 2660 1112 2686 true
1127 2657 1210 2686 what
1233 2658 1342 2687 Cicero
1365 2668 1445 2697 says,
1464 2659 1561 2688 ¹·sine
1583 2669 1645 2698 qua

874 2707 1046 2738 numquam
1064 2721 1071 2729 .
1090 2722 1097 2729 .
1116 2722 1123 2728 .
1141 2700 1450 2739 triumphaverunt.”
1477 2701 1539 2730 But
1552 2701 1639 2731 thern

874 2740 899 2770 is
916 2750 956 2770 no
972 2742 1033 2771 end
1050 2745 1083 2771 to
1099 2742 1147 2772 his
1163 2743 1321 2773 historieal
1339 2744 1610 2773 mis-statenwnts.

914 2785 1105 2821 qravilalem
1130 2786 1285 2825 elfidem]
1336 2786 1475 2816 Massilia
1501 2786 1639 2815 retained

872 2825 935 2856 this
971 2827 1131 2858 character
1165 2828 1214 2858 for
1249 2838 1336 2859 some
1373 2830 1448 2859 time
1487 2828 1639 2868 (Tacitus,

872 2868 1027 2909 Agricola,
1043 2879 1070 2901 c.
1089 2869 1134 2910 4).

1351 2969 1375 2994 R
1397 2968 1417 2993 1·
