1816 3211
101 204 183 243 2:28
517 197 695 240 ORAT.
730 195 849 237 PRO
883 196 972 238 CN.
1007 193 1279 236 PLANCIO

103 316 215 357 idem
237 314 359 356 amici
392 328 556 368 semper
580 312 736 353 velint·
727 345 738 360 ,
772 324 908 365 neque
939 313 1005 350 est
1034 309 1161 349 ullum
1192 307 1349 349 certius
1380 308 1589 349 amicitiae
1611 307 1698 348 vin-

105 382 245 422 culum
281 394 405 434 quam
447 391 674 419 consensus
714 383 756 416 et
807 374 988 415 societas
1030 373 1297 414 consiliorum
1337 376 1382 413 et
1419 373 1698 414 voluntatum.

108 443 217 484 Mihi
238 449 378 483 autem
402 456 481 481 non
505 440 546 479 id
568 444 634 479 est
655 439 696 478 in
713 438 791 477 hac
812 451 857 476 re
879 435 1220 476 molestissimum
1243 440 1391 475 contra
1412 435 1525 475 illum
1547 436 1698 484 dicere,

107 509 181 550 sed
203 508 337 548 multo
360 506 458 546 illud
489 503 635 558 magis,
661 502 771 557 quod
804 501 844 541 in
877 515 925 540 ea
957 515 1108 540 caussa
1139 504 1287 541 contra
1318 500 1537 540 dicendum
1559 506 1635 549 est,
1659 500 1702 540 in

108 589 190 630 qua
212 573 417 627 quaedam
449 570 663 610 hominum
695 569 880 623 ipsorum
916 565 1082 607 videtur
1117 565 1309 606 facienda
1345 581 1435 607 esse
1471 566 1701 607 contentio.

111 638 287 691 Quaerit
309 636 419 676 enim
457 634 712 683 Laterensis,
736 638 865 688 atque
885 632 964 672 hoc
987 645 1069 671 uno
1094 631 1274 671 maxime
1294 638 1429 686 urget,
1455 645 1536 685 qua
1557 645 1601 670 se
1622 630 1702 670 vir-

109 709 215 753 tute,
240 717 322 757 qua
353 702 476 742 laude
519 699 731 748 Plancius,
767 712 849 753 qua
883 696 1091 751 dignitate
1125 695 1348 751 superarit.
1411 696 1492 745 Ita,
1530 695 1565 736 si
1599 695 1702 736 cedo

109 768 218 808 illius
239 766 506 815 ornamentis,
532 779 637 820 quae
659 764 791 804 multa
812 767 855 803 et
875 776 1027 816 magna
1055 765 1166 810 sunt,
1190 776 1272 801 non
1303 761 1436 801 solum
1466 760 1590 815 hujus
1612 760 1704 815 dig-

111 832 258 874 nitatis
277 833 446 887 jactura
478 829 668 889 facienda
693 828 812 883 [est],
836 827 910 868 sed
941 826 1068 867 etiam
1098 825 1334 881 largitionis
1355 825 1595 881 recipienda
1616 840 1705 866 sus-

112 898 220 954 picio
245 896 349 951 [est]
372 914 382 944 ;
418 896 482 936 sin
505 895 614 935 hunc
628 894 685 934 illi
699 898 920 948 antepono,
941 891 1241 932 contumeliosa
1256 892 1449 932 habenda
1470 896 1535 932 est
1557 890 1704 940 oratio,

113 968 158 1005 et
180 962 402 1003 dicendum
423 965 487 1002 est
508 961 550 1000 id
572 960 683 1015 quod
703 959 770 1000 ille
791 973 857 998 me
878 957 1055 1012 flagitat,
1082 956 1356 998 Laterensem
1376 971 1401 997 a
1423 956 1596 997 Plancio
1619 955 1707 1010 dig-

113 1028 249 1070 nitate
285 1041 376 1068 esse
412 1030 669 1081 superatum.
735 1024 803 1065 Ita
838 1028 913 1064 aut
952 1022 1193 1063 amicissimi
1232 1022 1410 1063 hominis
1452 1020 1708 1063 existimatio

115 1094 361 1135 offendenda
383 1098 460 1142 est,
484 1092 519 1133 si
540 1092 651 1132 illam
667 1089 953 1131 accusationis
975 1088 1258 1130 conditionem
1279 1102 1440 1142 sequar,
1457 1091 1532 1128 aut
1553 1086 1708 1142 optime

116 1160 167 1200 de
189 1174 255 1199 me
277 1157 415 1199 meriti
437 1157 549 1198 salus
572 1156 800 1197 deserenda
823 1159 900 1195 est.

177 1224 263 1265 III.
299 1224 381 1264 Sed
404 1237 493 1277 ego,
520 1220 773 1269 Laterensis,
799 1233 970 1259 caecum
1000 1233 1066 1259 me
1095 1222 1139 1258 et
1171 1217 1442 1272 praecipitem
1462 1216 1562 1257 ferri
1584 1215 1710 1257 confi-

116 1294 208 1330 tear
228 1288 269 1328 in
291 1302 451 1336 caussa,
477 1287 511 1327 si
547 1291 590 1327 te
622 1290 696 1326 aut
732 1299 756 1324 a
788 1283 961 1324 Plancio
993 1288 1068 1324 aut
1098 1283 1152 1323 ab
1183 1282 1265 1323 ullo
1297 1282 1505 1338 dignitate
1526 1280 1711 1337 potuisse

116 1353 304 1408 superari
327 1353 484 1393 dixero.
548 1351 699 1406 Itaque
722 1349 933 1389 discedam
958 1349 1011 1389 ab
1048 1363 1097 1388 ea
1127 1347 1394 1388 contentione
1434 1347 1488 1387 ad
1519 1361 1643 1402 quam
1665 1350 1712 1387 tu

117 1433 182 1459 me
218 1433 353 1468 vocas,
378 1422 421 1459 et
454 1416 617 1457 veniam
650 1416 703 1456 ad
736 1414 849 1454 illam
880 1414 935 1454 ad
973 1428 1097 1468 quam
1131 1427 1196 1453 me
1227 1427 1376 1454 caussa
1406 1412 1496 1467 ipsa
1529 1410 1713 1452 deducit.

119 1483 242 1536 Quid,
267 1488 369 1525 tune
391 1481 610 1537 dignitatis
626 1480 809 1535 judicem
832 1484 956 1534 putas
978 1493 1068 1520 esse
1089 1478 1318 1533 populum?
1380 1477 1586 1519 Fortasse
1613 1491 1714 1517 non-

117 1563 344 1604 numquam
375 1552 454 1588 est.
518 1546 697 1588 Utinam
726 1560 823 1586 vero
850 1559 1013 1600 semper
1043 1547 1182 1585 esset!
1249 1544 1331 1585 Sed
1353 1548 1419 1584 est
1438 1557 1635 1598 perraro;
1670 1547 1714 1583 et

119 1613 343 1668 siquando
373 1618 452 1663 est,
477 1612 518 1652 in
554 1612 604 1652 iis
634 1609 954 1666 magistratibus
985 1614 1051 1650 est
1082 1608 1327 1648 mandandis
1358 1608 1507 1663 quibus
1537 1607 1713 1648 salutem

119 1693 240 1720 suam
273 1677 480 1719 committi
513 1681 661 1732 putat:
696 1675 762 1715 his
793 1673 1017 1715 levioribus
1052 1673 1233 1714 comitiis
1264 1673 1483 1728 diligentia
1513 1678 1557 1714 et
1577 1673 1716 1728 grat-ia

120 1743 351 1798 petitorum
371 1743 505 1782 honos
526 1741 698 1796 paritur,
717 1754 801 1780 non
817 1739 866 1779 iis
881 1739 1139 1779 ornamentis
1154 1753 1256 1792 quae
1274 1752 1363 1779 esse
1385 1738 1426 1778 in
1447 1743 1491 1779 te
1512 1739 1713 1779 videmus.
1754 1781 1762 1784 ,

123 1809 233 1849 Nam
270 1808 379 1862 quod
413 1807 467 1847 ad
498 1805 694 1860 populum
725 1804 922 1859 pertinet,
946 1817 1111 1858 semper
1142 1803 1359 1857 dignitatis
1390 1803 1553 1858 iniquus
1583 1804 1716 1858 judex

123 1878 188 1914 est
210 1872 279 1927 qui
300 1877 375 1913 aut
396 1871 555 1912 invidet
576 1875 651 1911 aut
681 1870 807 1911 favet.
874 1869 1138 1923 Quamquam
1169 1868 1271 1908 nihil
1291 1874 1414 1923 potes
1444 1870 1486 1909 in
1507 1876 1562 1920 te,
1591 1868 1715 1910 Late-

125 1998 144 2012 ‘⁴
158 1995 315 2031 Tuumne,
347 1995 475 2025 obsecro
506 1998 548 2031 te,
579 1995 640 2025 hoc
670 1995 788 2024 dictum
819 1998 896 2023 erat.

942 1991 1081 2022 nitatis:'
1111 1993 1174 2023 this
1198 1993 1224 2023 is
1250 1993 1423 2024 Wunder’s
1452 1994 1592 2034 reading,
1621 1994 1716 2024 taken

187 2039 289 2069 Vetus
305 2037 454 2068 credidi.”
490 2038 575 2078 (Ter.
589 2038 672 2068 Eun.
683 2038 726 2067 iii.
741 2037 844 2074 l‚38.)

941 2036 1021 2065 from
1045 2039 1106 2065 two
1130 2036 1226 2066 MSS.
1271 2037 1309 2066 T.
1333 2037 1390 2066 has
1412 2040 1419 2053 ⁴
1434 2037 1530 2073 Quid,
1552 2040 1588 2066 tu
1611 2038 1717 2076 magni

941 2077 1124 2117 dignitatis!
1163 2079 1266 2109 There
1278 2090 1348 2118 may
1365 2079 1405 2109 be
1421 2089 1508 2109 some
1524 2080 1716 2118 corruption.

940 2122 1009 2170 'l'he
1025 2122 1140 2151 editors
1156 2122 1235 2152 have
1256 2123 1337 2152 tried
1352 2123 1434 2152 their
1449 2123 1534 2152 hand
1549 2126 1581 2152 at
1597 2132 1717 2152 correc-

941 2168 1017 2194 tion.

127 2120 233 2151 ‘Lex’
257 2122 290 2151 in
313 2121 376 2151 this
401 2131 532 2161 passage
557 2121 614 2151 has
638 2130 698 2150 one
721 2120 756 2150 of
774 2120 816 2150 its
838 2120 899 2149 less

128 2168 218 2194 exact
234 2165 408 2203 meanings,
432 2164 491 2194 but
514 2164 577 2193 still
600 2174 619 2193 a
642 2164 790 2201 meaning
814 2163 899 2193 suffi-

125 2208 241 2246 ciently
265 2217 339 2236 near
365 2213 398 2236 to
424 2207 478 2236 the
505 2206 646 2245 original.
693 2206 801 2236 Cicero
833 2215 902 2244 says
986 2209 1020 2236 in
1050 2208 1090 2236 iis
1120 2208 1378 2247 maqistralz'bus]
1426 2207 1495 2238 The
1522 2207 1718 2247 praetorship

126 2250 181 2279 the
197 2260 281 2279 same
297 2250 389 2288 thing
401 2250 433 2279 in
450 2250 498 2279 his
515 2250 640 2279 treatise
651 2259 691 2278 on
703 2249 900 2288 Friendship,

126 2302 153 2322 c.
174 2294 277 2323 14.--ι
289 2293 449 2322 contentio
463 2291 482 2321 :’
499 2302 517 2321 a
533 2293 739 2330 comparison.

171 2336 311 2364 maxime
327 2336 436 2374 urqet]
478 2335 605 2364 Ernesti
621 2335 777 2374 supposed
791 2338 797 2350 ⁴
812 2335 903 2364 Plan-

128 2377 210 2407 cium
225 2377 233 2391 ’
266 2378 468 2412 understood,
498 2377 557 2407 but
588 2378 730 2407 Wunder
769 2382 903 2407 corrects

127 2420 205 2450 him.
232 2420 335 2450 There
346 2421 372 2450 is
384 2421 518 2459 nothing
530 2421 734 2451 understood.
760 2424 767 2437 ⁴
780 2421 881 2459 Urget
896 2420 903 2433 ’

128 2464 154 2493 is
169 2463 245 2492 used
262 2463 448 2503 absolutely.
495 2464 598 2502 Using
622 2464 676 2493 the
701 2464 795 2493 Latin
819 2464 903 2493 word

128 2516 175 2535 we
191 2516 244 2545 say
259 2518 266 2535 ι
293 2510 299 2522 ‘
311 2506 372 2536 and
396 2507 429 2535 in
447 2506 510 2536 this
527 2516 587 2536 one
602 2507 692 2546 point
715 2506 754 2536 hc
774 2507 801 2536 is
822 2512 905 2536 most

129 2548 264 2588 urgent!

173 2593 227 2621 ille
261 2602 310 2621 me
330 2592 481 2631 flayital]
533 2592 655 2631 Sylvius
686 2592 840 2631 proposed
870 2596 903 2622 to

128 2634 216 2664 write
234 2637 241 2651 ⁴
255 2645 273 2664 a
298 2634 370 2664 me.’
418 2635 482 2664 But
499 2638 506 2651 ⁴
520 2635 680 2673 flagitare'
698 2646 755 2665 can
771 2635 810 2665 be
826 2635 903 2664 used

128 2677 204 2706 with
225 2680 287 2707 two
304 2678 505 2713 accusatives,
522 2688 555 2707 as
571 2678 715 2707 Wunder
738 2678 839 2707 shows
863 2678 903 2717 by

128 2720 306 2759 examples:
332 2720 457 2755 Caesar,
482 2720 519 2750 Β.
542 2721 580 2750 G.
603 2721 622 2750 i.
652 2722 699 2754 16,
722 2724 741 2737 ‘⁶

129 2763 243 2793 Caesar
258 2763 386 2793 Aeduos
407 2763 601 2793 frumentum
624 2763 797 2802 flagitare.'’

128 2806 167 2836 B.
185 2805 222 2836 C.
239 2806 259 2835 i.
277 2807 328 2842 87.

171 2850 202 2880 3.
227 2859 263 2879 ea
288 2871 295 2878 .
322 2871 330 2878 .
356 2871 364 2879 .
388 2848 495 2887 illam]
546 2848 620 2878 ‘Is'
645 2849 707 2878 and
735 2849 825 2879 ‘ille'
851 2860 903 2879 are

128 2891 215 2921 often
232 2895 289 2931 put
304 2891 336 2921 in
352 2893 531 2932 opposition
548 2891 588 2931 by
606 2891 725 2921 Cicero.
762 2892 820 2922 See
830 2893 902 2922 vol.

126 2935 147 2965 i.
171 2935 282 2972 Index,
311 2938 318 2951 ⁴
333 2935 359 2965 is
383 2957 390 2965 .
417 2959 424 2965 .
451 2957 458 2965 .
482 2934 721 2972 ille.'—‘Quid,
744 2938 820 2965 tune
835 2935 902 2975 dig-

846 2764 904 2794 See

756 2721 904 2753 Quotidie
946 2725 953 2739 ‘

944 2250 1005 2280 and
1029 2251 1210 2289 consulship
1238 2251 1339 2280 which
1363 2260 1416 2280 are
1439 2250 1619 2280 contrasted
1642 2250 1720 2279 with

944 2293 999 2323 the
1021 2293 1082 2322 less
1107 2294 1279 2333 important
1304 2294 1408 2323 offices
1432 2294 1468 2324 of
1487 2297 1634 2333 quaestor
1657 2293 1720 2322 and

945 2336 1054 2366 aedile.
1101 2336 1210 2366 Cicero
1229 2337 1320 2366 could
1340 2337 1439 2366 admit
1453 2337 1569 2366 thatin
1584 2336 1720 2375 electing

945 2389 963 2408 a
979 2379 1088 2408 consul
1108 2380 1162 2409 the
1185 2380 1297 2419 people
1314 2381 1493 2410 sometimes
1505 2379 1623 2418 judged
1640 2379 1719 2414 well,

945 2422 993 2451 for
1017 2422 1057 2452 he
1082 2423 1144 2452 had
1170 2422 1249 2452 been
1277 2423 1386 2452 consul
1411 2423 1547 2458 himself,
1579 2422 1641 2451 and
1670 2422 1719 2451 his

946 2468 1154 2504 countryman
1164 2465 1286 2495 Marius
1299 2476 1361 2496 was
1373 2466 1491 2495 elected
1507 2465 1616 2495 consul
1628 2465 1721 2494 when

946 2508 1000 2538 the
1024 2508 1123 2548 safety
1140 2508 1174 2537 of
1197 2509 1278 2548 Italy
1299 2519 1361 2538 was
1383 2509 1416 2538 in
1439 2509 1622 2547 danger.—‘
1636 2508 1720 2537 Nam

947 2551 1031 2590 quod
1058 2551 1095 2581 ad
1121 2551 1306 2591 populum:’
1331 2552 1357 2581 it
1378 2552 1404 2581 is
1428 2551 1558 2590 implied
1581 2551 1650 2580 that
1666 2550 1720 2580 the

946 2594 1058 2633 people
1073 2605 1125 2624 are
1141 2595 1240 2624 either
1262 2595 1390 2624 envious
1414 2604 1449 2624 or
1472 2595 1528 2624 hot
1551 2593 1719 2633 partizans,

945 2637 1007 2666 and
1024 2638 1250 2677 consequently
1266 2638 1325 2667 bad
1339 2637 1452 2676 judges
1468 2637 1504 2666 of
1517 2637 1619 2667 merit.

994 2681 1193 2719 Quamquam
1230 2681 1330 2718 nihil]
1378 2680 1486 2710 Cicero
1524 2679 1610 2709 often
1647 2687 1719 2707 uses

969 2723 1182 2762 quamquam'
1213 2723 1347 2752 without
1376 2733 1438 2762 any
1475 2721 1720 2760 corresponding

945 2765 1086 2795 member
1103 2766 1274 2805 beginning
1289 2766 1365 2795 with
1381 2769 1388 2782 ⁴
1403 2764 1532 2801 tamen,'
1545 2774 1579 2793 as
1594 2764 1626 2793 in
1643 2773 1670 2793 c.
1691 2765 1718 2798 l,

946 2811 965 2824 ‘⁴
981 2809 1182 2848 Quamquam
1199 2808 1311 2844 mihi‚'’
1330 2811 1386 2838 διο.
1434 2808 1465 2837 It
1487 2817 1595 2837 means
1612 2810 1619 2823 ⁴
1633 2807 1719 2836 how-

944 2861 1016 2881 ever
1040 2851 1103 2881 this
1129 2861 1199 2890 may
1230 2851 1291 2882 be!
1338 2851 1463 2881 Ernesti
1486 2849 1626 2879 remarks
1649 2849 1720 2879 that.

946 2894 1127 2933 ‘proprium
1141 2894 1148 2907 '
1173 2895 1273 2933 ought
1297 2897 1331 2923 to
1355 2893 1395 2923 be
1423 2893 1540 2928 erased,
1568 2892 1618 2922 for
1640 2891 1720 2922 after

944 2937 1067 2976 writing
1086 2937 1187 2976 ‘quod
1213 2938 1255 2967 sit
1277 2936 1440 2977 proprium
1460 2935 1560 2966 laudis
1583 2934 1678 2972 tuae‚'
1696 2934 1722 2964 it
