1816 3211
71 178 152 219 688
291 175 469 218 ORAT.
505 173 1022 216 PHILIPPICARUM
1056 172 1244 213 LIBER
1276 172 1417 213 XIII.

67 289 251 331 meruit?
313 289 449 342 Quam
483 288 687 343 benigne!
727 288 904 342 denique
939 286 1003 327 usi
1033 285 1285 327 liberalitate
1310 284 1484 326 Antonii
1511 285 1664 326 milites

68 355 365 410 imperatorem
405 354 671 409 reliquerunt,
709 360 753 394 et
788 367 832 393 se
864 353 918 392 ad
958 352 1124 392 hostem
1163 355 1277 391 metu
1318 349 1529 404 perterriti
1569 364 1666 390 con-

68 420 269 469 tulerunt,
319 435 394 474 per
439 433 544 473 quos
594 418 628 458 si
679 432 762 458 non
792 416 996 464 stetisset,
1049 430 1132 456 non
1174 414 1392 454 Dolabella
1436 413 1550 468 prius
1591 413 1666 453 im-

68 484 253 540 peratori
289 498 364 524 suo
401 497 525 537 quam
558 482 772 522 Antonius
806 481 935 521 etiam
972 480 1157 534 collegae
1193 483 1472 533 parent-asset.
1535 478 1667 518 ‘Con-

70 550 237 590 cordiae
281 548 438 588 factam
490 561 580 587 esse
622 546 881 587 mentionem
924 544 1110 585 scribitis
1155 545 1197 584 in
1237 549 1386 584 senatu
1423 548 1467 584 et
1505 543 1668 597 legatos

69 629 160 655 esse
196 612 435 653 consulares
471 612 664 666 quinque.
727 610 906 650 Difficile
935 614 1000 650 est
1036 609 1207 650 credere
1234 623 1318 658 eos,
1352 608 1422 663 qui
1454 622 1520 648 me
1550 622 1668 662 prae-

68 679 236 733 cipitem
273 677 437 731 egerint
469 676 741 731 aequissimas
773 675 1035 716 conditiones
1064 675 1280 723 ferentem,
1305 679 1348 715 et
1368 680 1509 715 tamen
1531 688 1582 714 ex
1603 673 1667 714 his

68 743 222 798 aliquid
249 742 465 783 remittere
496 741 768 796 cogitantem,
803 746 951 794 putare
981 739 1136 795 aliquid
1158 740 1373 780 moderate
1393 743 1468 779 aut
1489 739 1667 779 humane

69 823 160 850 esse
191 808 389 848 facturos.
454 805 540 860 Vix
571 806 699 846 etiam
720 805 805 846 veri
835 805 967 845 simile
1003 810 1080 853 est,
1105 804 1174 858 qui
1191 803 1472 858 judicaverint
1504 804 1668 844 hostem

71 872 334 913 Dolabellam
366 872 418 911 ob
450 870 732 911 rectissimum
766 869 939 920 facinus,
976 869 1144 909 eosdem
1180 868 1301 908 nobis
1342 882 1511 922 parcere
1543 882 1667 922 posse

69 938 181 978 idem
200 936 507 977 sentientibus?
569 935 779 975 Parumne
810 935 974 975 videtur
1005 933 1188 974 omnium
1218 933 1450 973 facinorum
1471 932 1550 973 sibi
1572 947 1667 973 cum

72 1001 292 1043 Dolabella
331 1000 579 1041 societatem
619 1000 766 1041 initam
808 998 1027 1040 confiteri?
1088 997 1238 1039 Nonne
1281 998 1451 1039 cernitis
1491 1013 1543 1038 ex
1583 1012 1667 1037 uno

69 1067 186 1108 fonte
218 1065 355 1106 omnia
388 1066 543 1105 scelera
582 1065 778 1104 manare?
840 1063 938 1118 Ipse
980 1062 1157 1116 denique
1197 1062 1356 1102 fatetur
1388 1062 1468 1102 hoc
1501 1062 1666 1116 quidem

70 1132 174 1172 satis
209 1138 345 1180 acute,
369 1144 453 1169 non
480 1144 603 1184 posse
626 1143 709 1177 eos,
734 1128 803 1182 qui
825 1128 991 1168 hostem
1024 1126 1286 1167 Dolabellam
1311 1125 1592 1180 judicaverint
1613 1126 1667 1166 ob

70 1195 352 1237 rectissimum
384 1194 557 1242 facinus,
590 1194 650 1234 ita
685 1193 796 1233 enim
828 1193 991 1233 videtur
1017 1191 1216 1239 Antonio,
1250 1191 1328 1232 sibi
1359 1206 1530 1246 parcere
1558 1191 1668 1232 idem

70 1260 282 1303 sentienti.
344 1258 531 1299 XVIII.
565 1258 674 1311 Quid
708 1257 804 1298 huic
835 1257 964 1298 facias
995 1256 1064 1312 qui
1092 1257 1171 1297 hoc
1190 1256 1343 1297 litteris
1364 1255 1668 1311 memoriaeque

70 1325 293 1375 mandarit,
316 1326 376 1366 ita
397 1324 473 1365 sibi
497 1324 740 1365 convenisse
757 1338 850 1363 cum
868 1322 1086 1363 Dolabella
1106 1327 1155 1362 ut
1176 1321 1243 1361 ille
1271 1320 1536 1370 Trebonium,
1559 1327 1613 1370 et,
1632 1320 1668 1361 si

70 1397 225 1448 posset,
263 1390 390 1431 etiam
427 1389 620 1437 Brutum,
660 1388 863 1436 Cassium,
902 1386 1178 1427 discruciatos
1217 1390 1397 1434 necaret,
1440 1386 1668 1440 eademque

71 1457 280 1497 inhiberet
300 1454 504 1510 supplicia
532 1454 678 1495 nobis?
739 1454 775 1494 O
799 1452 1112 1493 conservandus
1135 1451 1235 1492 civis
1263 1465 1357 1491 cum
1378 1455 1467 1491 tam
1487 1450 1556 1505 pio
1578 1451 1667 1504 jus-

71 1528 198 1577 toque
237 1521 437 1562 foedere!
494 1519 538 1560 Is
579 1519 706 1560 etiam
747 1517 935 1573 queritur
975 1516 1234 1558 conditiones
1274 1530 1371 1556 suas
1410 1515 1664 1570 repudiatas,

70 1602 224 1642 aequas
246 1585 412 1641 quidem
434 1589 477 1625 et
498 1584 752 1624 verecundas
771 1602 781 1632 ;
817 1588 864 1623 ut
885 1583 1060 1623 haberet
1092 1581 1270 1622 Galliam
1303 1580 1505 1630 ultimam,
1538 1580 1667 1634 aptis-

71 1653 219 1693 simam
260 1651 312 1691 ad
353 1650 506 1690 bellum
548 1649 833 1690 renovandum
871 1647 1244 1701 instruendumque
1284 1645 1572 1700 provinciam,
1617 1648 1666 1685 ut

73 1717 262 1757 Alaudae
284 1716 325 1755 in
345 1715 474 1756 tertia
499 1713 668 1754 decuria
684 1713 935 1767 judicarent,
958 1712 1000 1752 id
1022 1717 1098 1761 est,
1123 1716 1168 1751 ut
1197 1710 1433 1765 perfugium
1464 1709 1667 1749 scelerum

72 1786 186 1823 esset
222 1795 316 1821 cum
357 1778 609 1832 turpissimis
650 1777 709 1817 rei
749 1776 939 1830 publicae
974 1775 1194 1820 sordibus;
1245 1778 1292 1814 ut
1323 1778 1420 1813 acta
1460 1787 1535 1813 sua
1573 1777 1667 1813 rata

71 1852 224 1893 essent,
250 1844 370 1897 cujus
392 1842 549 1882 nullum
570 1846 756 1882 remanet
779 1841 1021 1881 consulatus
1042 1839 1276 1893 vestigium.
1330 1838 1516 1878 Oavebat
1538 1837 1667 1878 etiam

75 1913 124 1952 L.
147 1909 349 1957 Antonio,
383 1907 452 1962 qui
480 1907 616 1947 fuerat
649 1906 921 1961 aequissimus
957 1904 1047 1959 agri
1077 1903 1228 1959 privati
1251 1908 1295 1943 et
1316 1902 1468 1957 publici
1500 1902 1667 1942 decem-

73 1976 248 2031 pedator
265 1973 427 2014 Nucula
447 1977 490 2012 et
514 1971 703 2012 Lentone
725 1971 897 2024 collega.
960 1974 969 1990 ‘
986 1969 1267 2021 Quamobrem
1288 1982 1361 2008 vos
1378 1966 1516 2021 potius
1537 1966 1667 2007 anim-

73 2040 278 2081 advertite
311 2043 452 2079 utrum
483 2036 540 2076 sit
572 2035 804 2089 elegantius
832 2040 875 2075 et
909 2034 1100 2089 partibus
1127 2031 1282 2082 utilius,
1327 2031 1523 2071 Trebonii
1557 2045 1664 2071 mor·

72 2112 158 2147 tem
180 2102 372 2160 persequi
392 2116 445 2142 an
468 2100 670 2150 Caesaris,
695 2104 739 2140 et
759 2103 901 2139 utrum
921 2099 976 2140 sit
996 2098 1182 2153 aequius,
1207 2110 1453 2137 concurrere
1474 2110 1561 2145 nos,
1585 2110 1666 2150 quo

117 2219 250 2258 denique
268 2240 275 2248 .
293 2241 300 2248 .
319 2240 326 2248 .
343 2216 584 2257 imperatorem]
635 2216 708 2246 Said
725 2225 843 2246 sareas·
889 2215 943 2246 did
958 2218 1016 2246 not
1031 2215 1119 2245 write
1134 2214 1215 2244 well.

72 2262 187 2300 tically.
236 2261 305 2290 The
322 2261 563 2299 ‘imperatorem
575 2260 582 2272 '
606 2259 632 2289 is
654 2259 694 2288 D.
713 2259 843 2289 Brutus.
934 2260 984 2289 18.
1009 2257 1194 2297 eademque]
1228 2267 1247 2287 a
1261 2256 1281 2286 b
1298 2259 1320 2287 t.
1339 2255 1488 2286 ‘eadem’
1505 2256 1526 2286 i.
1557 2255 1666 2286 Some-

72 2308 125 2327 —-‘
139 2314 195 2343 per
205 2313 283 2343 quos
294 2304 319 2333 51
332 2313 394 2332 non
408 2303 546 2332 stetisset
559 2302 579 2331 ι’
595 2302 621 2332 if
630 2302 704 2341 they
715 2302 776 2331 had
789 2304 846 2331 not
889 2301 980 2340 thing
1008 2301 1035 2330 is
1065 2300 1216 2330 defective
1246 2300 1330 2329 here.
1379 2299 1475 2329 Halm
1506 2299 1667 2338 following

73 2347 154 2377 been
169 2347 202 2375 in
217 2347 272 2375 the
293 2356 370 2385 way,
388 2346 553 2375 Dolabella
569 2345 669 2374 would
691 2348 748 2374 not
768 2345 848 2374 have
893 2344 989 2374 Klotz
1005 2347 1079 2383 puts
1095 2353 1114 2373 3
1135 2345 1142 2360 ‘
1157 2343 1281 2382 signum
1303 2342 1434 2372 lacunae
1448 2341 1455 2355 ’
1483 2342 1563 2372 after
1590 2344 1597 2358 ‘
1609 2351 1666 2372 ne-

74 2389 164 2418 made
188 2399 207 2418 a
231 2389 351 2417 funeral
382 2388 513 2426 offering
539 2391 572 2417 to
598 2388 645 2417 his
670 2387 848 2426 Imperator
891 2386 996 2416 caret.’

74 2431 181 2461 before
195 2431 354 2460 Antonius
375 2431 436 2459 had
458 2431 548 2460 made
572 2440 632 2460 one
658 2434 691 2459 to
718 2431 765 2459 his
782 2429 846 2460 col·
875 2430 880 2434 “
933 2429 1082 2459 Alaudae
1104 2450 1112 2457 .
1131 2450 1138 2458 .
1157 2450 1164 2457 .
1185 2427 1333 2466 decuria]
1384 2426 1442 2456 See
1468 2426 1523 2456 the
1553 2426 1664 2456 Index.

74 2474 193 2512 league.
239 2473 396 2502 Antonius
421 2473 524 2502 would
562 2473 640 2502 have
677 2472 773 2502 killed
805 2473 846 2502 D.
891 2474 1028 2501 —‘cum
1055 2493 1062 2500 .
1081 2493 1088 2500 .
1107 2493 1114 2500 .
1140 2469 1316 2500 sordibus:'
1349 2472 1453 2499 “cum
1481 2479 1604 2499 summo
1620 2470 1665 2499 rei

76 2517 205 2546 Brutus.
242 2516 311 2545 The
328 2516 504 2554 Imperator
519 2515 555 2544 of
570 2515 734 2545 Dolabella
748 2516 775 2544 is
791 2515 846 2544 the
891 2514 1034 2554 publicae
1050 2513 1220 2543 dedecore:
1246 2513 1305 2542 hoc
1321 2512 1405 2542 enim
1422 2512 1482 2541 diei
1497 2511 1663 2542 arbitror''

75 2559 233 2597 colleague
267 2558 303 2587 of
336 2558 504 2594 Antonius,
543 2558 597 2587 the
635 2558 779 2587 Dictator
809 2557 845 2588 C.
892 2556 1098 2597 (Manutius).
1145 2556 1160 2585 I
1178 2566 1228 2585 see
1244 2565 1285 2584 no
1301 2555 1391 2584 other
1406 2554 1563 2593 meaning.

77 2602 201 2632 Caesar.
935 2598 1192 2638 decempedator]
1244 2598 1295 2627 He
1321 2598 1377 2627 1135
1396 2597 1473 2626 used
1499 2597 1554 2626 the
1579 2597 1665 2626 word

120 2655 160 2674 ea:
177 2645 226 2673 lzz's
251 2642 389 2682 aliquid]
440 2642 535 2671 Halm
563 2642 619 2672 has
647 2645 705 2672 ‘ex
729 2643 766 2672 iis
791 2643 846 2672 ali-
893 2640 1069 2671 ‘metator'
1094 2641 1217 2677 before3
1244 2641 1304 2670 and
1332 2639 1562 2678 ‘decempeda’
1590 2639 1665 2677 (Pro

77 2686 174 2727 quid.'
233 2686 283 2716 He
313 2685 386 2714 does
427 2688 483 2713 not
515 2685 577 2713 like
609 2685 697 2714 ‘his.’
743 2685 846 2715 There
890 2685 1023 2720 Milone,
1048 2694 1073 2713 0.
1099 2684 1165 2723 27).
1212 2681 1505 2722 ‘Decempedator’
1528 2682 1664 2721 perhaps

77 2740 129 2759 are
155 2729 233 2758 both
264 2728 417 2766 readings.
431 2727 642 2765 —‘putare:'
682 2727 846 2757 Manutius
891 2727 965 2766 only
980 2736 1089 2756 occurs
1105 2727 1189 2756 here.

77 2772 215 2810 thought
244 2771 314 2800 that
341 2769 488 2809 ‘putare'
514 2769 540 2798 is
567 2770 773 2807 superfluous,
799 2770 847 2799 for
935 2769 1141 2807 concurrere]
1191 2771 1243 2798 ‘to
1259 2777 1377 2807 engage
1392 2767 1424 2796 in
1440 2766 1525 2803 war,’
1550 2776 1584 2796 as
1608 2765 1664 2795 the

79 2814 241 2844 ‘credere'
267 2814 323 2843 has
349 2813 427 2842 been
452 2812 538 2841 used.
587 2812 682 2840 Halm
707 2813 847 2842 remarks
891 2812 976 2841 word
994 2812 1020 2841 is
1045 2812 1226 2841 sometimes
1249 2811 1391 2840 used.-—‘
1403 2813 1520 2845 utrum,
1546 2809 1659 2848 inquit,

77 2857 146 2887 that
159 2857 294 2887 Priscian
314 2856 378 2895 (xv.
395 2857 425 2890 3,
446 2856 497 2893 13)
515 2857 766 2893 quotes‘putare
784 2877 791 2883 .
809 2876 816 2884 .
835 2877 841 2884 .
888 2855 1061 2893 elegantius
1075 2854 1094 2883 :’
1130 2854 1239 2884 Cicero
1272 2853 1354 2883 finds
1383 2852 1463 2881 fault
1492 2852 1568 2881 with
1608 2851 1662 2879 the

76 2899 236 2930 facturos!
281 2900 347 2929 But
368 2898 395 2928 if
414 2898 571 2928 Antonius
586 2901 682 2926 wrote
705 2896 789 2933 thus,
806 2897 845 2927 he
889 2897 1089 2936 expression:
1115 2899 1254 2927 “tuetur
1280 2895 1365 2925 istud
1386 2897 1496 2925 contra
1518 2893 1658 2924 Tullium
