1816 3211
697 197 830 240 OAP.
862 199 1016 239 8-10,
1576 197 1653 239 571

61 311 176 352 illum
210 326 263 352 ne
296 311 331 352 si
366 312 427 353 ita
462 311 630 368 quidem
661 312 845 353 venisset
876 317 925 353 ut
957 310 1115 352 nullum
1147 311 1301 352 bellum
1336 309 1511 351 inferret
1549 309 1657 350 ferre

61 376 314 432 potuissent,
357 377 643 432 impotentem,
695 377 952 428 iracundum,
1005 376 1365 425 contumeliosum,
1417 375 1655 430 superbum,

63 456 227 497 semper
266 448 521 497 poscentem,
555 457 719 497 semper
751 442 997 498 rapientem,
1035 457 1198 497 semper
1234 441 1407 482 ebrium.
1482 440 1545 481 At
1577 439 1656 487 ille,

63 507 184 561 cujus
205 523 257 549 ne
278 513 470 563 pacatam
491 508 660 563 quidem
690 508 919 563 nequitiam
941 507 1161 563 quisquam
1188 507 1295 548 ferre
1326 511 1483 562 posset,
1507 506 1660 547 bellum

64 572 206 614 intulit
240 573 476 628 provinciae
512 574 699 621 Galliae3
736 573 1014 614 circumsedet
1053 572 1276 622 Mutinam,
1307 573 1585 613 firmissimam
1616 575 1661 612 et

64 638 440 693 splendidissimam
477 639 616 693 populi
658 638 837 679 Romani
874 637 1106 686 coloniam3
1142 642 1357 692 oppugnat
1389 637 1444 678 D.
1479 637 1660 678 Brutum

64 703 373 758 imperatorem,
399 704 612 744 consulem
644 704 922 758 designatum,
945 703 1088 752 civem,
1122 717 1205 743 non
1237 702 1328 751 sibi,
1362 702 1435 743 sed
1466 702 1586 743 nobis
1617 705 1661 742 et

65 768 124 809 rei
146 768 335 823 publicae
356 773 514 809 natum.
577 768 694 823 Ergo
719 768 934 809 Hannibal
955 768 1101 819 hostis,
1127 768 1229 809 civis
1251 767 1490 808 Antonius?
1551 766 1661 819 Quid

65 833 132 875 ille
152 833 255 875 fecit
276 833 486 875 hostiliter
507 833 618 888 quod
640 833 707 875 hic
729 848 812 875 non
834 838 908 875 aut
928 833 1077 874 fecerit
1103 838 1178 875 aut
1203 833 1332 874 faeiat
1363 837 1438 874 aut
1465 832 1662 873 moliatur

66 904 109 940 et
142 899 328 955 cogitet?
389 899 546 941 Totum
585 899 667 940 iter
706 899 991 942 Antoniorum
1031 900 1131 955 quid
1171 899 1317 940 habuit
1356 898 1436 939 nisi
1477 899 1661 952 depopu-

65 964 254 1015 lationes,
278 965 550 1015 vastationes,
575 965 736 1016 caedes,
759 965 953 1021 rapinas?
983 980 1087 1021 quas
1114 980 1197 1006 non
1224 964 1410 1006 faciebat
1432 963 1658 1011 Hannibal,

65 1030 162 1085 quia
183 1030 315 1071 multa
335 1031 390 1071 ad
411 1045 533 1071 usum
553 1045 674 1071 suum
695 1031 961 1072 reservabat:
996 1036 1040 1072 at
1071 1030 1113 1071 hi
1136 1030 1206 1086 qui
1228 1030 1270 1071 in
1291 1030 1437 1070 horam
1458 1029 1659 1077 viverent,

64 1111 150 1137 non
170 1096 293 1137 modo
316 1095 366 1137 de
387 1095 566 1138 fortunis
587 1100 632 1138 et
652 1096 702 1138 de
724 1097 845 1138 bonis
866 1095 1028 1145 civium,
1047 1096 1122 1137 sed
1143 1111 1195 1137 ne
1218 1096 1269 1136 de
1290 1095 1475 1136 utilitate
1497 1095 1663 1150 quidem

66 1176 143 1203 sua
163 1162 472 1217 cogitaverunt.
1629 1204 1635 1211 ,

125 1227 197 1267 Ad
225 1227 347 1276 hunc,
378 1226 434 1266 dii
465 1226 576 1276 boni,
610 1225 773 1280 legatos
801 1225 913 1267 mitti
941 1225 1106 1281 placet?
1167 1225 1336 1267 Norunt
1367 1225 1439 1267 isti
1474 1224 1663 1266 homines

66 1292 243 1332 formam
272 1291 331 1332 rei
362 1291 566 1346 publicae,
587 1291 684 1345 jura
711 1290 820 1341 belli,
854 1291 1044 1346 exempla
1075 1291 1308 1346 majorum?
1339 1290 1532 1346 cogitant
1563 1290 1663 1344 quid

67 1357 209 1412 populi
232 1356 409 1397 Romani
431 1356 641 1411 majestaS,
666 1355 763 1410 quid
784 1362 957 1397 senatus
977 1356 1181 1397 severitas
1202 1356 1414 1411 postulet?
1478 1354 1664 1409 Legatos

67 1421 282 1463 decernis?
343 1421 388 1462 Si
410 1426 457 1462 ut
479 1421 713 1476 deprecere,
738 1425 1005 1470 contemnet;
1041 1421 1074 1462 si
1097 1426 1144 1463 ut
1169 1421 1361 1476 imperes,
1384 1435 1467 1461 non
1495 1420 1663 1471 audiet3

67 1487 244 1543 denique
276 1486 465 1542 quamvis
496 1501 640 1527 severa
667 1486 817 1541 legatis
847 1487 1048 1528 mandata
1079 1487 1325 1535 dederimus,
1349 1501 1499 1527 nomen
1527 1486 1665 1541 ipsum

66 1553 298 1608 legatorum
330 1553 442 1593 hunc
465 1567 585 1607 quem
607 1552 795 1593 videmus
826 1553 966 1608 populi
990 1552 1168 1593 Romani
1196 1552 1432 1607 restinguet
1458 1553 1663 1601 ardorem,

67 1618 387 1673 municipiorum
418 1623 545 1673 atque
584 1617 734 1658 Italiae
768 1618 937 1673 franget
971 1618 1146 1658 animos.
1212 1618 1276 1659 Ut
1312 1618 1507 1659 omittam
1546 1617 1665 1665 hace,

67 1698 172 1740 quae
204 1698 355 1738 magna
383 1689 494 1733 sunt,
525 1687 640 1724 certe
671 1683 754 1724 ista
786 1683 942 1737 legatio
975 1698 1134 1723 moram
1171 1688 1214 1724 et
1242 1683 1489 1724 tarditatem
1520 1683 1666 1724 afferet

66 1749 189 1790 bello.
253 1748 453 1800 Quamvis
487 1748 642 1798 dicant,
681 1749 793 1803 quod
834 1748 1039 1803 quosdam
1071 1748 1196 1789 audio
1238 1748 1665 1803 dicturosz—Legati

66 1813 411 1870 proficiscantur:
457 1813 610 1855 bellum
656 1813 924 1854 nihilominus
973 1818 1376 1869 pareturz—tamen
1432 1813 1666 1867 legatorum

67 1894 218 1921 nomen
258 1879 396 1935 ipsum
437 1884 480 1920 et
521 1878 683 1920 animos
723 1878 937 1920 hominum
977 1879 1138 1920 molliet
1179 1884 1221 1920 et
1263 1879 1358 1920 belli
1406 1879 1666 1920 celeritatem

67 1944 314 1986 morabitur.
377 1944 439 1985 X.
479 1944 671 1985 Minimis
712 1944 949 1995 momentis,
991 1949 1136 1999 patres
1177 1944 1417 2000 conscripti,
1459 1944 1666 1985 maximae

67 2008 359 2050 inclinationes
392 2014 630 2064 temporum
662 2010 782 2058 fiunt,
821 2024 947 2065 quum
988 2010 1029 2050 in
1072 2010 1183 2050 omni
1224 2025 1324 2051 casu
1364 2010 1423 2050 rei
1459 2009 1664 2065 publicae,

67 2080 159 2118 tum
188 2075 228 2116 in
259 2075 366 2115 bello
397 2081 442 2116 et
472 2075 651 2115 maxime
687 2075 810 2125 civili,
833 2076 943 2130 quod
971 2075 1163 2130 opinione
1199 2076 1442 2130 plerumque
1479 2079 1521 2115 ct
1554 2075 1666 2114 fama

67 2142 339 2198 gubernatur.
403 2140 537 2181 Nemo
575 2146 749 2194 quaeret
777 2141 926 2195 quibus
955 2156 1049 2182 cum
1078 2141 1288 2181 mandatis
1315 2139 1479 2194 legatos
1505 2140 1666 2180 miseri-

67 2221 183 2248 mus:
227 2220 379 2246 nomen
416 2205 552 2260 ipsum
587 2205 807 2259 legationis
840 2206 951 2246 ultro
986 2206 1137 2246 missae
1171 2204 1335 2246 timoris
1368 2219 1460 2245 csse
1500 2205 1667 2259 signum

67 2271 288 2314 videbitur.
351 2270 541 2312 Reccdat
561 2284 587 2311 a
611 2269 792 2320 Mutina,
817 2270 982 2312 desinat
1008 2285 1251 2326 oppugnare
1274 2270 1465 2315 Brutum,
1490 2270 1668 2313 decedat

67 2385 99 2415 in
118 2384 220 2415 Gallia
236 2383 407 2423 Cisalpina,
421 2393 484 2413 was
499 2393 518 2413 n
535 2383 680 2413 Romana
701 2383 844 2419 Colonia,
890 2383 998 2413 dorem
1012 2382 1031 2412 z’
1063 2383 1088 2413 it
1111 2383 1136 2413 is
1161 2384 1251 2414 usual
1276 2387 1308 2414 to
1329 2384 1417 2424 place
1445 2388 1452 2401 ¹
1466 2394 1560 2424 quem
1582 2384 1667 2414 vide-

67 2428 205 2458 founded
237 2428 268 2457 in
301 2436 365 2457 13.c.
402 2428 471 2463 183,
502 2426 557 2456 the
587 2436 674 2456 same
709 2436 782 2466 year
812 2436 846 2456 as
890 2427 976 2456 mus’
995 2426 1135 2457 between
1152 2437 1302 2463 commas,
1320 2428 1420 2457 which
1438 2428 1464 2457 is
1481 2427 1551 2457 bad.
1590 2427 1668 2458 This

69 2471 192 2501 Parma.
890 2470 915 2498 is
939 2480 957 2499 a
982 2470 1105 2499 Roman
1134 2470 1213 2500 form
1240 2471 1275 2500 of
1297 2471 1490 2510 expression,
1516 2471 1617 2500 which
1642 2471 1668 2501 is

111 2524 190 2553 quas
206 2523 267 2543 non
281 2512 447 2551 faciebat]
476 2512 528 2547 V.,
546 2515 553 2529 ‘
569 2522 650 2551 qnae
674 2522 736 2542 non
753 2512 846 2541 fac-ie-
891 2523 965 2551 very
988 2523 1152 2549 eommon;
1178 2513 1234 2543 but
1256 2524 1314 2544 our
1339 2515 1492 2553 langnnge
1513 2514 1587 2543 does
1612 2518 1669 2544 not

67 2556 137 2587 bat'
151 2557 246 2591 D.‚in
260 2555 361 2585 which
376 2558 463 2584 ease‘
478 2554 573 2594 quae’
587 2565 688 2584 seems
705 2560 736 2585 to
754 2555 846 2593 begin
891 2556 981 2585 nllow
1013 2556 1047 2586 it.
1096 2556 1128 2586 lf
1155 2567 1202 2586 we
1232 2567 1286 2596 say
1318 2557 1401 2587 ‘this
1431 2557 1524 2587 ardor
1552 2558 1587 2587 of
1614 2558 1668 2587 the

67 2610 86 2630 a
112 2609 180 2629 new
197 2603 356 2633 sentem-e,
373 2598 435 2627 und
460 2598 490 2627 in
514 2598 600 2636 place
617 2598 718 2627 of‘at
735 2598 783 2627 hi’
802 2608 847 2627 wc
894 2599 1017 2628 Roman
1048 2600 1170 2639 people‚
1201 2600 1301 2630 which
1332 2611 1378 2630 wc
1408 2599 1482 2635 sec,‘
1513 2610 1560 2630 we
1590 2600 1668 2630 have

67 2646 154 2672 must
175 2643 247 2672 take
269 2642 323 2671 the
348 2641 478 2679 reading
497 2645 503 2657 ¹
519 2641 597 2670 haec
622 2640 652 2669 hi
667 2641 686 2676 ς’
713 2641 769 2671 bnt
793 2641 847 2671 1116
893 2642 1012 2681 spoiled
1034 2642 1067 2672 it.
1113 2643 1182 2672 The
1203 2644 1351 2681 meaning
1375 2644 1400 2673 is
1419 2644 1501 2674 ‘this
1523 2644 1668 2673 manifest

68 2690 217 2716 sentence
247 2685 273 2714 is
300 2684 376 2713 111611
403 2684 494 2713 lame.
542 2683 605 2713 ‘At
630 2683 678 2713 hi’
706 2685 731 2713 is
760 2684 846 2714 Nau-
893 2685 987 2715 ardor
1002 2685 1104 2715 ofthe
1123 2686 1245 2716 Roman
1263 2687 1397 2726 people.⁷

68 2728 183 2768 gcrius'
225 2727 440 2762 emendation,
473 2726 616 2755 followed
656 2726 696 2766 by
741 2727 846 2757 Halm.
940 2729 988 2758 10.
1011 2730 1160 2759 Minimis
1186 2730 1367 2769 momentis]
1427 2729 1496 2759 The
1524 2728 1669 2763 slightest

68 2772 109 2802 V.
127 2772 183 2801 has
200 2774 207 2787 ‘
223 2772 298 2800 haee
311 2770 330 2805 ;’
358 2770 376 2798 11
399 2770 454 2799 has
479 2773 485 2786 ‘
500 2773 533 2798 et
557 2769 623 2798 hii.'
669 2770 737 2799 The
757 2771 849 2800 other
892 2771 976 2800 forec
992 2782 1099 2802 causes
1112 2772 1166 2801 the
1182 2776 1315 2809 greatest
1333 2773 1467 2806 eham-,tes
1485 2773 1515 2801 in
1529 2772 1634 2803 things
1646 2770 1666 2799 :'

69 2815 166 2845 MSS.
185 2815 264 2843 have
284 2817 290 2829 ‘
304 2814 379 2843 hace
395 2813 428 2841 ii’
448 2823 483 2841 or
500 2816 506 2827 ¹
520 2813 596 2842 haee
612 2813 667 2842 hi.'
894 2824 940 2844 wc
956 2819 1073 2845 cannot
1089 2826 1142 2855 say
1161 2819 1167 2831 ¹
1181 2815 1296 2845 times)
1342 2815 1411 2845 The
1426 2815 1549 2845 remark
1567 2813 1667 2842 whieh

113 2857 302 2896 decernisf]
355 2856 405 2885 lle
425 2856 450 2885 is
471 2855 654 2893 addressing
675 2866 762 2886 some
779 2866 849 2895 1161·-
894 2857 1015 2888 follows
1046 2859 1072 2888 is
1103 2862 1183 2888 truc.
1231 2859 1269 2888 In
1300 2869 1319 2888 a
1348 2859 1417 2888 civil
1450 2867 1510 2886 war
1539 2857 1668 2895 opinion

71 2910 140 2931 son.
187 2904 194 2917 ⁴
209 2901 260 2930 Do
281 2909 343 2939 you
359 2908 495 2939 proposc
511 2901 544 2929 to
561 2899 637 2928 send
658 2899 766 2939 Legati
778 2898 851 2930 ?’—
893 2901 955 2931 and
971 2911 1101 2931 rumour
1116 2901 1291 2932 determine
1307 2911 1402 2940 many
1419 2900 1536 2939 things.

72 2944 180 2975 ‘hunc
224 2953 319 2984 quem
358 2942 501 2972 videmus
546 2942 655 2981 populi
689 2965 695 2972 .
725 2965 733 2972 .
763 2965 770 2973 .
801 2953 849 2973 ar-
