<?xml version="1.0" encoding="UTF-8"?>
<!DOCTYPE html PUBLIC "-//W3C//DTD XHTML 1.0 Transitional//EN"
    "http://www.w3.org/TR/xhtml1/DTD/xhtml1-transitional.dtd">
<html xmlns="http://www.w3.org/1999/xhtml" xml:lang="en" lang="en">
 <head>
  <title>
</title>
<meta http-equiv="Content-Type" content="text/html;charset=utf-8" />
  <meta name='ocr-system' content='tesseract 3.04.00' />
  <meta name='ocr-capabilities' content='ocr_page ocr_carea ocr_par ocr_line ocrx_word'/>
</head>
<body>
  <div class='ocr_page' id='page_1' title='image "./orationeswithcom04ciceuoft/orationeswithcom04ciceuoft_0074.png"; bbox 0 0 1899 3227; ppageno 0'>
   <div class='ocr_carea' id='block_1_1' title="bbox 155 181 1299 229">
    <p class='ocr_par' dir='ltr' id='par_1_1' title="bbox 155 181 1299 229">
     <span class='ocr_line' id='line_1_1' title="bbox 155 181 1299 229; baseline -0.007 0"><span class='ocrx_word' id='word_1_1' title='bbox 155 190 209 229; x_wconf 86' lang='lat'>52</span> <span class='ocrx_word' id='word_1_2' title='bbox 609 183 784 226; x_wconf 79' lang='lat' dir='ltr'>ORAT.</span> <span class='ocrx_word' id='word_1_3' title='bbox 820 183 939 224; x_wconf 80' lang='lat' dir='ltr'>PRO</span> <span class='ocrx_word' id='word_1_4' title='bbox 974 182 1037 224; x_wconf 90' lang='lat' dir='ltr'>M.</span> <span class='ocrx_word' id='word_1_5' title='bbox 1072 181 1299 223; x_wconf 85' lang='lat' dir='ltr'><strong>CAELIO</strong></span> 
     </span>
    </p>
   </div>
   <div class='ocr_carea' id='block_1_2' title="bbox 155 291 1778 2028">
    <p class='ocr_par' dir='ltr' id='par_1_2' title="bbox 155 291 1778 1319">
     <span class='ocr_line' id='line_1_2' title="bbox 155 291 1746 350; baseline -0.006 -9"><span class='ocrx_word' id='word_1_6' title='bbox 155 300 266 342; x_wconf 89' lang='lat' dir='ltr'>enim</span> <span class='ocrx_word' id='word_1_7' title='bbox 302 314 389 340; x_wconf 89' lang='lat' dir='ltr'>rex.</span> <span class='ocrx_word' id='word_1_8' title='bbox 470 297 549 350; x_wconf 78' lang='lat' dir='ltr'>Qui</span> <span class='ocrx_word' id='word_1_9' title='bbox 583 304 725 338; x_wconf 86' lang='lat' dir='ltr'>autem</span> <span class='ocrx_word' id='word_1_10' title='bbox 756 296 893 337; x_wconf 87' lang='lat' dir='ltr'>dictus</span> <span class='ocrx_word' id='word_1_11' title='bbox 923 300 989 335; x_wconf 89' lang='lat' dir='ltr'>est</span> <span class='ocrx_word' id='word_1_12' title='bbox 1029 295 1198 348; x_wconf 90' lang='lat' dir='ltr'>adjutor</span> <span class='ocrx_word' id='word_1_13' title='bbox 1241 292 1368 332; x_wconf 89' lang='lat' dir='ltr'>fuisse</span> <span class='ocrx_word' id='word_1_14' title='bbox 1398 295 1442 332; x_wconf 89' lang='lat' dir='ltr'>et</span> <span class='ocrx_word' id='word_1_15' title='bbox 1472 291 1662 332; x_wconf 90' lang='lat' dir='ltr'>conscius</span> <span class='ocrx_word' id='word_1_16' title='bbox 1696 291 1746 331; x_wconf 89' lang='lat' dir='ltr'>P.</span> 
     </span>
     <span class='ocr_line' id='line_1_3' title="bbox 158 356 1748 418; baseline -0.006 -13"><span class='ocrx_word' id='word_1_17' title='bbox 158 364 342 411; x_wconf 86' lang='lat' dir='ltr'>Asicius,</span> <span class='ocrx_word' id='word_1_18' title='bbox 369 363 527 418; x_wconf 85' lang='lat' dir='ltr'>judicio</span> <span class='ocrx_word' id='word_1_19' title='bbox 561 368 626 403; x_wconf 89' lang='lat' dir='ltr'>est</span> <span class='ocrx_word' id='word_1_20' title='bbox 663 362 874 401; x_wconf 87' lang='lat' dir='ltr'>liberatus.</span> <span class='ocrx_word' id='word_1_21' title='bbox 947 360 1067 410; x_wconf 77' lang='lat' dir='ltr'>Quod</span> <span class='ocrx_word' id='word_1_22' title='bbox 1100 359 1228 413; x_wconf 79' lang='lat' dir='ltr'>igitur</span> <span class='ocrx_word' id='word_1_23' title='bbox 1259 362 1323 398; x_wconf 90' lang='lat' dir='ltr'>est</span> <span class='ocrx_word' id='word_1_24' title='bbox 1354 356 1557 410; x_wconf 88' lang='lat' dir='ltr'>ejusmodi</span> <span class='ocrx_word' id='word_1_25' title='bbox 1593 356 1748 397; x_wconf 82' lang='lat' dir='ltr'>crimen</span> 
     </span>
     <span class='ocr_line' id='line_1_4' title="bbox 157 420 1747 483; baseline -0.007 -12"><span class='ocrx_word' id='word_1_26' title='bbox 157 435 215 478; x_wconf 90' lang='lat' dir='ltr'>ut,</span> <span class='ocrx_word' id='word_1_27' title='bbox 240 429 309 483; x_wconf 93' lang='lat' dir='ltr'>qui</span> <span class='ocrx_word' id='word_1_28' title='bbox 344 428 552 469; x_wconf 85' lang='lat' dir='ltr'>commisit</span> <span class='ocrx_word' id='word_1_29' title='bbox 578 442 659 466; x_wconf 88' lang='lat' dir='ltr'>non</span> <span class='ocrx_word' id='word_1_30' title='bbox 689 430 827 479; x_wconf 82' lang='lat' dir='ltr'>neget,</span> <span class='ocrx_word' id='word_1_31' title='bbox 852 424 921 479; x_wconf 88' lang='lat' dir='ltr'>qui</span> <span class='ocrx_word' id='word_1_32' title='bbox 950 424 1118 477; x_wconf 84' lang='lat' dir='ltr'>negavit</span> <span class='ocrx_word' id='word_1_33' title='bbox 1148 422 1365 463; x_wconf 83' lang='lat' dir='ltr'>absolutus</span> <span class='ocrx_word' id='word_1_34' title='bbox 1391 420 1458 469; x_wconf 87' lang='lat' dir='ltr'>sit,</span> <span class='ocrx_word' id='word_1_35' title='bbox 1489 420 1529 460; x_wconf 91' lang='lat' dir='ltr'>id</span> <span class='ocrx_word' id='word_1_36' title='bbox 1560 421 1625 461; x_wconf 88' lang='lat' dir='ltr'>hic</span> <span class='ocrx_word' id='word_1_37' title='bbox 1656 435 1747 475; x_wconf 87' lang='lat' dir='ltr'>per-</span> 
     </span>
     <span class='ocr_line' id='line_1_5' title="bbox 158 485 1747 547; baseline -0.006 -12"><span class='ocrx_word' id='word_1_38' title='bbox 158 495 364 540; x_wconf 75' lang='lat' dir='ltr'>timescat,</span> <span class='ocrx_word' id='word_1_39' title='bbox 389 493 455 547; x_wconf 89' lang='lat' dir='ltr'>qui</span> <span class='ocrx_word' id='word_1_40' title='bbox 493 506 573 531; x_wconf 90' lang='lat' dir='ltr'>non</span> <span class='ocrx_word' id='word_1_41' title='bbox 607 491 729 530; x_wconf 88' lang='lat' dir='ltr'>modo</span> <span class='ocrx_word' id='word_1_42' title='bbox 766 504 790 529; x_wconf 92' lang='lat' dir='ltr'>a</span> <span class='ocrx_word' id='word_1_43' title='bbox 826 489 952 535; x_wconf 85' lang='lat' dir='ltr'>facto,</span> <span class='ocrx_word' id='word_1_44' title='bbox 974 502 1116 528; x_wconf 86' lang='lat' dir='ltr'>verum</span> <span class='ocrx_word' id='word_1_45' title='bbox 1139 487 1264 528; x_wconf 84' lang='lat' dir='ltr'>etiam</span> <span class='ocrx_word' id='word_1_46' title='bbox 1296 501 1321 526; x_wconf 88' lang='lat' dir='ltr'>a</span> <span class='ocrx_word' id='word_1_47' title='bbox 1351 485 1629 526; x_wconf 89' lang='lat' dir='ltr'>conscientiae</span> <span class='ocrx_word' id='word_1_48' title='bbox 1659 499 1747 525; x_wconf 88' lang='lat' dir='ltr'>sus-</span> 
     </span>
     <span class='ocr_line' id='line_1_6' title="bbox 159 550 1750 613; baseline -0.004 -16"><span class='ocrx_word' id='word_1_49' title='bbox 159 558 322 613; x_wconf 86' lang='lat' dir='ltr'>picione</span> <span class='ocrx_word' id='word_1_50' title='bbox 357 556 515 596; x_wconf 67' lang='lat' dir='ltr'>abfuit?</span> <span class='ocrx_word' id='word_1_51' title='bbox 596 554 655 594; x_wconf 88' lang='lat' dir='ltr'>Et</span> <span class='ocrx_word' id='word_1_52' title='bbox 686 553 720 593; x_wconf 92' lang='lat' dir='ltr'>si</span> <span class='ocrx_word' id='word_1_53' title='bbox 757 552 903 592; x_wconf 86' lang='lat' dir='ltr'>Asicio</span> <span class='ocrx_word' id='word_1_54' title='bbox 939 567 1088 592; x_wconf 78' lang='lat' dir='ltr'>caussa</span> <span class='ocrx_word' id='word_1_55' title='bbox 1124 551 1216 606; x_wconf 91' lang='lat' dir='ltr'>plus</span> <span class='ocrx_word' id='word_1_56' title='bbox 1252 550 1406 605; x_wconf 79' lang='lat' dir='ltr'>profuit</span> <span class='ocrx_word' id='word_1_57' title='bbox 1441 564 1564 604; x_wconf 89' lang='lat' dir='ltr'>quam</span> <span class='ocrx_word' id='word_1_58' title='bbox 1605 550 1750 590; x_wconf 89' lang='lat' dir='ltr'>nocuit</span> 
     </span>
     <span class='ocr_line' id='line_1_7' title="bbox 160 614 1749 670; baseline -0.005 -8"><span class='ocrx_word' id='word_1_59' title='bbox 160 622 324 669; x_wconf 86' lang='lat' dir='ltr'>invidia,</span> <span class='ocrx_word' id='word_1_60' title='bbox 358 620 453 660; x_wconf 87' lang='lat' dir='ltr'>huic</span> <span class='ocrx_word' id='word_1_61' title='bbox 486 618 622 658; x_wconf 91' lang='lat' dir='ltr'>obcrit</span> <span class='ocrx_word' id='word_1_62' title='bbox 653 622 771 658; x_wconf 85' lang='lat' dir='ltr'>tuum</span> <span class='ocrx_word' id='word_1_63' title='bbox 808 616 1087 663; x_wconf 87' lang='lat' dir='ltr'>maledictum,</span> <span class='ocrx_word' id='word_1_64' title='bbox 1119 615 1187 670; x_wconf 91' lang='lat' dir='ltr'>qui</span> <span class='ocrx_word' id='word_1_65' title='bbox 1221 614 1342 655; x_wconf 87' lang='lat' dir='ltr'>istius</span> <span class='ocrx_word' id='word_1_66' title='bbox 1373 615 1473 655; x_wconf 82' lang='lat' dir='ltr'>facti</span> <span class='ocrx_word' id='word_1_67' title='bbox 1506 630 1588 655; x_wconf 90' lang='lat' dir='ltr'>non</span> <span class='ocrx_word' id='word_1_68' title='bbox 1623 615 1749 654; x_wconf 90' lang='lat' dir='ltr'>modo</span> 
     </span>
     <span class='ocr_line' id='line_1_8' title="bbox 161 678 1750 739; baseline -0.005 -13"><span class='ocrx_word' id='word_1_69' title='bbox 161 685 405 739; x_wconf 80' lang='lat' dir='ltr'>suspicione,</span> <span class='ocrx_word' id='word_1_70' title='bbox 449 683 521 723; x_wconf 87' lang='lat' dir='ltr'>sed</span> <span class='ocrx_word' id='word_1_71' title='bbox 553 697 603 723; x_wconf 93' lang='lat' dir='ltr'>ne</span> <span class='ocrx_word' id='word_1_72' title='bbox 642 681 810 722; x_wconf 90' lang='lat' dir='ltr'>infamia</span> <span class='ocrx_word' id='word_1_73' title='bbox 849 681 1013 736; x_wconf 85' lang='lat' dir='ltr'>quidem</span> <span class='ocrx_word' id='word_1_74' title='bbox 1056 686 1121 721; x_wconf 88' lang='lat' dir='ltr'>est</span> <span class='ocrx_word' id='word_1_75' title='bbox 1163 680 1508 734; x_wconf 55' lang='lat' dir='ltr'>aspersusss—-At</span> <span class='ocrx_word' id='word_1_76' title='bbox 1547 678 1750 734; x_wconf 87' lang='lat' dir='ltr'>praevari-</span> 
     </span>
     <span class='ocr_line' id='line_1_9' title="bbox 160 743 1749 798; baseline -0.004 -8"><span class='ocrx_word' id='word_1_77' title='bbox 160 750 323 790; x_wconf 77' lang='lat' dir='ltr'>catione</span> <span class='ocrx_word' id='word_1_78' title='bbox 357 753 422 788; x_wconf 88' lang='lat' dir='ltr'>est</span> <span class='ocrx_word' id='word_1_79' title='bbox 457 746 627 787; x_wconf 81' lang='lat' dir='ltr'>Asicius</span> <span class='ocrx_word' id='word_1_80' title='bbox 660 746 931 787; x_wconf 89' lang='lat' dir='ltr'>liberatus.——</span> <span class='ocrx_word' id='word_1_81' title='bbox 945 745 1149 786; x_wconf 82' lang='lat' dir='ltr'>Perfacile</span> <span class='ocrx_word' id='word_1_82' title='bbox 1175 750 1241 785; x_wconf 90' lang='lat' dir='ltr'>est</span> <span class='ocrx_word' id='word_1_83' title='bbox 1268 743 1338 785; x_wconf 90' lang='lat' dir='ltr'>isti</span> <span class='ocrx_word' id='word_1_84' title='bbox 1365 744 1455 784; x_wconf 87' lang='lat' dir='ltr'>loco</span> <span class='ocrx_word' id='word_1_85' title='bbox 1483 743 1749 798; x_wconf 87' lang='lat' dir='ltr'>respondere,</span> 
     </span>
     <span class='ocr_line' id='line_1_10' title="bbox 160 807 1778 867; baseline -0.004 -14"><span class='ocrx_word' id='word_1_86' title='bbox 160 813 258 854; x_wconf 85' lang='lat' dir='ltr'>mihi</span> <span class='ocrx_word' id='word_1_87' title='bbox 280 811 536 867; x_wconf 71' lang='lat' dir='ltr'>praesertim,</span> <span class='ocrx_word' id='word_1_88' title='bbox 552 825 577 850; x_wconf 88' lang='lat' dir='ltr'>a</span> <span class='ocrx_word' id='word_1_89' title='bbox 598 825 678 865; x_wconf 92' lang='lat' dir='ltr'>quo</span> <span class='ocrx_word' id='word_1_90' title='bbox 703 810 771 850; x_wconf 89' lang='lat' dir='ltr'>illa</span> <span class='ocrx_word' id='word_1_91' title='bbox 791 824 940 850; x_wconf 86' lang='lat' dir='ltr'>caussa</span> <span class='ocrx_word' id='word_1_92' title='bbox 954 810 1121 850; x_wconf 90' lang='lat' dir='ltr'>defensa</span> <span class='ocrx_word' id='word_1_93' title='bbox 1143 814 1220 849; x_wconf 89' lang='lat' dir='ltr'>est.</span> <span class='ocrx_word' id='word_1_94' title='bbox 1269 807 1351 848; x_wconf 88' lang='lat' dir='ltr'>Sed</span> <span class='ocrx_word' id='word_1_95' title='bbox 1366 808 1532 848; x_wconf 86' lang='lat' dir='ltr'>Caelius</span> <span class='ocrx_word' id='word_1_96' title='bbox 1553 807 1753 862; x_wconf 80' lang='lat' dir='ltr'>optimam</span> <span class='ocrx_word' id='word_1_97' title='bbox 1774 826 1778 829; x_wconf 49' lang='grc'><strong>»</strong></span> 
     </span>
     <span class='ocr_line' id='line_1_11' title="bbox 162 872 1754 927; baseline -0.004 -9"><span class='ocrx_word' id='word_1_98' title='bbox 162 892 350 926; x_wconf 78' lang='lat' dir='ltr'>caussam</span> <span class='ocrx_word' id='word_1_99' title='bbox 374 875 506 916; x_wconf 89' lang='lat' dir='ltr'>Asicii</span> <span class='ocrx_word' id='word_1_100' title='bbox 538 890 628 915; x_wconf 90' lang='lat' dir='ltr'>esse</span> <span class='ocrx_word' id='word_1_101' title='bbox 660 874 914 927; x_wconf 79' lang='lat' dir='ltr'>arbitratur:</span> <span class='ocrx_word' id='word_1_102' title='bbox 950 873 1195 914; x_wconf 87' lang='lat' dir='ltr'>cuicuimodi</span> <span class='ocrx_word' id='word_1_103' title='bbox 1226 878 1366 913; x_wconf 90' lang='lat' dir='ltr'>autem</span> <span class='ocrx_word' id='word_1_104' title='bbox 1399 872 1465 923; x_wconf 85' lang='lat' dir='ltr'>sit,</span> <span class='ocrx_word' id='word_1_105' title='bbox 1489 887 1514 912; x_wconf 90' lang='lat' dir='ltr'>a</span> <span class='ocrx_word' id='word_1_106' title='bbox 1535 887 1610 913; x_wconf 89' lang='lat' dir='ltr'>sua</span> <span class='ocrx_word' id='word_1_107' title='bbox 1630 878 1754 927; x_wconf 89' lang='lat' dir='ltr'>putat</span> 
     </span>
     <span class='ocr_line' id='line_1_12' title="bbox 163 937 1755 996; baseline -0.003 -15"><span class='ocrx_word' id='word_1_108' title='bbox 163 943 253 996; x_wconf 89' lang='lat' dir='ltr'>ejus</span> <span class='ocrx_word' id='word_1_109' title='bbox 284 956 372 981; x_wconf 88' lang='lat' dir='ltr'>esse</span> <span class='ocrx_word' id='word_1_110' title='bbox 405 941 661 994; x_wconf 84' lang='lat' dir='ltr'>sejunctam3</span> <span class='ocrx_word' id='word_1_111' title='bbox 695 954 828 994; x_wconf 92' lang='lat' dir='ltr'>neque</span> <span class='ocrx_word' id='word_1_112' title='bbox 851 939 984 979; x_wconf 90' lang='lat' dir='ltr'>solum</span> <span class='ocrx_word' id='word_1_113' title='bbox 1007 938 1183 987; x_wconf 81' lang='lat' dir='ltr'>Caelius,</span> <span class='ocrx_word' id='word_1_114' title='bbox 1208 938 1280 978; x_wconf 88' lang='lat' dir='ltr'>sed</span> <span class='ocrx_word' id='word_1_115' title='bbox 1311 937 1437 978; x_wconf 88' lang='lat' dir='ltr'>etiam</span> <span class='ocrx_word' id='word_1_116' title='bbox 1467 938 1755 978; x_wconf 84' lang='lat' dir='ltr'>adolescentes</span> 
     </span>
     <span class='ocr_line' id='line_1_13' title="bbox 162 1001 1756 1057; baseline -0.004 -10"><span class='ocrx_word' id='word_1_117' title='bbox 162 1006 444 1047; x_wconf 85' lang='lat' dir='ltr'>humanissimi</span> <span class='ocrx_word' id='word_1_118' title='bbox 467 1011 508 1045; x_wconf 90' lang='lat' dir='ltr'>et</span> <span class='ocrx_word' id='word_1_119' title='bbox 527 1004 771 1052; x_wconf 86' lang='lat' dir='ltr'>doctissimi,</span> <span class='ocrx_word' id='word_1_120' title='bbox 796 1004 1043 1044; x_wconf 83' lang='lat' dir='ltr'>rectissimis</span> <span class='ocrx_word' id='word_1_121' title='bbox 1063 1003 1214 1044; x_wconf 85' lang='lat' dir='ltr'>studiis</span> <span class='ocrx_word' id='word_1_122' title='bbox 1246 1008 1371 1057; x_wconf 91' lang='lat' dir='ltr'>atque</span> <span class='ocrx_word' id='word_1_123' title='bbox 1402 1002 1570 1056; x_wconf 89' lang='lat' dir='ltr'>optimis</span> <span class='ocrx_word' id='word_1_124' title='bbox 1595 1001 1756 1042; x_wconf 89' lang='lat' dir='ltr'>artibus</span> 
     </span>
     <span class='ocr_line' id='line_1_14' title="bbox 163 1066 1756 1127; baseline -0.004 -15"><span class='ocrx_word' id='word_1_125' title='bbox 163 1071 352 1127; x_wconf 87' lang='lat' dir='ltr'>praediti,</span> <span class='ocrx_word' id='word_1_126' title='bbox 391 1070 510 1111; x_wconf 85' lang='lat' dir='ltr'>Titus</span> <span class='ocrx_word' id='word_1_127' title='bbox 548 1069 760 1123; x_wconf 87' lang='lat' dir='ltr'>Gaiusque</span> <span class='ocrx_word' id='word_1_128' title='bbox 793 1070 816 1094; x_wconf 79' lang='lat'><em>*</em></span> <span class='ocrx_word' id='word_1_129' title='bbox 849 1070 873 1094; x_wconf 46' lang='grc' dir='ltr'>ἦε</span> <span class='ocrx_word' id='word_1_130' title='bbox 905 1071 929 1094; x_wconf 79' lang='lat'><em>*</em></span> <span class='ocrx_word' id='word_1_131' title='bbox 961 1069 1155 1122; x_wconf 84' lang='lat' dir='ltr'>cognitus</span> <span class='ocrx_word' id='word_1_132' title='bbox 1183 1067 1478 1108; x_wconf 86' lang='lat' dir='ltr'>Alexandriae.</span> <span class='ocrx_word' id='word_1_133' title='bbox 1540 1066 1648 1118; x_wconf 74' lang='lat' dir='ltr'>Quid</span> <span class='ocrx_word' id='word_1_134' title='bbox 1683 1070 1756 1106; x_wconf 88' lang='lat' dir='ltr'>aut</span> 
     </span>
     <span class='ocr_line' id='line_1_15' title="bbox 163 1131 1758 1188; baseline -0.004 -11"><span class='ocrx_word' id='word_1_135' title='bbox 163 1137 243 1183; x_wconf 89' lang='lat' dir='ltr'>hic,</span> <span class='ocrx_word' id='word_1_136' title='bbox 265 1141 339 1176; x_wconf 87' lang='lat' dir='ltr'>aut</span> <span class='ocrx_word' id='word_1_137' title='bbox 375 1150 535 1176; x_wconf 86' lang='lat' dir='ltr'>summo</span> <span class='ocrx_word' id='word_1_138' title='bbox 568 1133 789 1188; x_wconf 89' lang='lat' dir='ltr'>splendore</span> <span class='ocrx_word' id='word_1_139' title='bbox 823 1133 1037 1187; x_wconf 89' lang='lat' dir='ltr'>praeditus</span> <span class='ocrx_word' id='word_1_140' title='bbox 1070 1133 1199 1173; x_wconf 89' lang='lat' dir='ltr'>frater</span> <span class='ocrx_word' id='word_1_141' title='bbox 1231 1133 1320 1186; x_wconf 86' lang='lat' dir='ltr'>ejus</span> <span class='ocrx_word' id='word_1_142' title='bbox 1351 1133 1401 1172; x_wconf 89' lang='lat' dir='ltr'>de</span> <span class='ocrx_word' id='word_1_143' title='bbox 1430 1131 1493 1172; x_wconf 89' lang='lat' dir='ltr'>M.</span> <span class='ocrx_word' id='word_1_144' title='bbox 1519 1131 1657 1171; x_wconf 87' lang='lat' dir='ltr'>Caelio</span> <span class='ocrx_word' id='word_1_145' title='bbox 1689 1146 1758 1171; x_wconf 89' lang='lat' dir='ltr'>ex-</span> 
     </span>
     <span class='ocr_line' id='line_1_16' title="bbox 166 1196 1760 1254; baseline -0.004 -13"><span class='ocrx_word' id='word_1_146' title='bbox 166 1201 336 1249; x_wconf 87' lang='lat' dir='ltr'>istimet,</span> <span class='ocrx_word' id='word_1_147' title='bbox 354 1215 405 1240; x_wconf 84' lang='lat' dir='ltr'>ex</span> <span class='ocrx_word' id='word_1_148' title='bbox 427 1199 527 1254; x_wconf 87' lang='lat' dir='ltr'>ipsis</span> <span class='ocrx_word' id='word_1_149' title='bbox 548 1198 582 1238; x_wconf 93' lang='lat' dir='ltr'>si</span> <span class='ocrx_word' id='word_1_150' title='bbox 603 1197 792 1252; x_wconf 88' lang='lat' dir='ltr'>producti</span> <span class='ocrx_word' id='word_1_151' title='bbox 813 1203 936 1237; x_wconf 87' lang='lat' dir='ltr'>erunt</span> <span class='ocrx_word' id='word_1_152' title='bbox 956 1197 1146 1237; x_wconf 87' lang='lat' dir='ltr'>audietis.</span> <span class='ocrx_word' id='word_1_153' title='bbox 1209 1196 1325 1250; x_wconf 79' lang='lat' dir='ltr'>Ergo</span> <span class='ocrx_word' id='word_1_154' title='bbox 1347 1197 1450 1237; x_wconf 90' lang='lat' dir='ltr'>haec</span> <span class='ocrx_word' id='word_1_155' title='bbox 1472 1201 1760 1236; x_wconf 87' lang='lat' dir='ltr'>removeantur</span> 
     </span>
     <span class='ocr_line' id='line_1_17' title="bbox 163 1261 1436 1319; baseline -0.004 -14"><span class='ocrx_word' id='word_1_156' title='bbox 163 1270 211 1305; x_wconf 92' lang='lat' dir='ltr'>ut</span> <span class='ocrx_word' id='word_1_157' title='bbox 231 1265 454 1319; x_wconf 87' lang='lat' dir='ltr'>aliquando</span> <span class='ocrx_word' id='word_1_158' title='bbox 477 1264 515 1303; x_wconf 91' lang='lat' dir='ltr'>in</span> <span class='ocrx_word' id='word_1_159' title='bbox 539 1263 690 1317; x_wconf 91' lang='lat' dir='ltr'>quibus</span> <span class='ocrx_word' id='word_1_160' title='bbox 711 1276 859 1302; x_wconf 88' lang='lat' dir='ltr'>caussa</span> <span class='ocrx_word' id='word_1_161' title='bbox 879 1262 1030 1303; x_wconf 87' lang='lat' dir='ltr'>nititur</span> <span class='ocrx_word' id='word_1_162' title='bbox 1045 1262 1096 1302; x_wconf 90' lang='lat' dir='ltr'>ad</span> <span class='ocrx_word' id='word_1_163' title='bbox 1120 1276 1169 1302; x_wconf 90' lang='lat' dir='ltr'>ea</span> <span class='ocrx_word' id='word_1_164' title='bbox 1189 1261 1415 1301; x_wconf 82' lang='lat' dir='ltr'>veniamus.</span> <span class='ocrx_word' id='word_1_165' title='bbox 1433 1267 1436 1269; x_wconf 73' lang='grc'><strong><em>’</em></strong></span> 
     </span>
    </p>

    <p class='ocr_par' dir='ltr' id='par_1_3' title="bbox 166 1324 1772 2028">
     <span class='ocr_line' id='line_1_18' title="bbox 224 1324 1761 1380; baseline -0.003 -12"><span class='ocrx_word' id='word_1_166' title='bbox 224 1328 310 1368; x_wconf 91' lang='lat' dir='ltr'>XI.</span> <span class='ocrx_word' id='word_1_167' title='bbox 344 1327 635 1368; x_wconf 87' lang='lat' dir='ltr'>Animadverti</span> <span class='ocrx_word' id='word_1_168' title='bbox 657 1326 778 1375; x_wconf 91' lang='lat' dir='ltr'>enim,</span> <span class='ocrx_word' id='word_1_169' title='bbox 799 1326 976 1380; x_wconf 85' lang='lat' dir='ltr'>judices,</span> <span class='ocrx_word' id='word_1_170' title='bbox 1000 1326 1132 1366; x_wconf 88' lang='lat' dir='ltr'>audiri</span> <span class='ocrx_word' id='word_1_171' title='bbox 1162 1340 1186 1365; x_wconf 90' lang='lat' dir='ltr'>a</span> <span class='ocrx_word' id='word_1_172' title='bbox 1217 1325 1334 1366; x_wconf 89' lang='lat' dir='ltr'>vobis</span> <span class='ocrx_word' id='word_1_173' title='bbox 1354 1339 1491 1366; x_wconf 90' lang='lat' dir='ltr'>meum</span> <span class='ocrx_word' id='word_1_174' title='bbox 1517 1324 1761 1365; x_wconf 86' lang='lat' dir='ltr'>familiarem</span> 
     </span>
     <span class='ocr_line' id='line_1_19' title="bbox 170 1389 1763 1446; baseline -0.002 -13"><span class='ocrx_word' id='word_1_175' title='bbox 170 1394 219 1434; x_wconf 93' lang='lat' dir='ltr'>L.</span> <span class='ocrx_word' id='word_1_176' title='bbox 240 1393 500 1433; x_wconf 89' lang='lat' dir='ltr'>Herennium</span> <span class='ocrx_word' id='word_1_177' title='bbox 522 1397 775 1446; x_wconf 88' lang='lat' dir='ltr'>perattente.</span> <span class='ocrx_word' id='word_1_178' title='bbox 822 1391 871 1431; x_wconf 90' lang='lat' dir='ltr'>In</span> <span class='ocrx_word' id='word_1_179' title='bbox 895 1406 975 1446; x_wconf 91' lang='lat' dir='ltr'>quo</span> <span class='ocrx_word' id='word_1_180' title='bbox 999 1391 1076 1431; x_wconf 91' lang='lat' dir='ltr'>etsi</span> <span class='ocrx_word' id='word_1_181' title='bbox 1098 1405 1249 1445; x_wconf 85' lang='lat' dir='ltr'>magna</span> <span class='ocrx_word' id='word_1_182' title='bbox 1270 1405 1321 1431; x_wconf 88' lang='lat' dir='ltr'>ex</span> <span class='ocrx_word' id='word_1_183' title='bbox 1342 1396 1463 1445; x_wconf 90' lang='lat' dir='ltr'>parte</span> <span class='ocrx_word' id='word_1_184' title='bbox 1484 1389 1650 1444; x_wconf 87' lang='lat' dir='ltr'>ingenio</span> <span class='ocrx_word' id='word_1_185' title='bbox 1672 1389 1763 1443; x_wconf 85' lang='lat' dir='ltr'>ejus</span> 
     </span>
     <span class='ocr_line' id='line_1_20' title="bbox 168 1455 1762 1511; baseline -0.003 -13"><span class='ocrx_word' id='word_1_186' title='bbox 168 1464 211 1499; x_wconf 89' lang='lat' dir='ltr'>et</span> <span class='ocrx_word' id='word_1_187' title='bbox 232 1457 392 1498; x_wconf 88' lang='lat' dir='ltr'>dicendi</span> <span class='ocrx_word' id='word_1_188' title='bbox 414 1471 566 1511; x_wconf 82' lang='lat' dir='ltr'>genere</span> <span class='ocrx_word' id='word_1_189' title='bbox 589 1457 769 1510; x_wconf 91' lang='lat' dir='ltr'>quodam</span> <span class='ocrx_word' id='word_1_190' title='bbox 791 1455 1057 1505; x_wconf 83' lang='lat' dir='ltr'>tenebamini,</span> <span class='ocrx_word' id='word_1_191' title='bbox 1082 1461 1223 1496; x_wconf 89' lang='lat' dir='ltr'>tamen</span> <span class='ocrx_word' id='word_1_192' title='bbox 1247 1469 1556 1509; x_wconf 88' lang='lat' dir='ltr'>nonnumquam</span> <span class='ocrx_word' id='word_1_193' title='bbox 1577 1455 1762 1502; x_wconf 84' lang='lat' dir='ltr'>verebar,</span> 
     </span>
     <span class='ocr_line' id='line_1_21' title="bbox 166 1519 1764 1563; baseline -0.003 0"><span class='ocrx_word' id='word_1_194' title='bbox 166 1537 218 1563; x_wconf 91' lang='lat' dir='ltr'>ne</span> <span class='ocrx_word' id='word_1_195' title='bbox 241 1522 309 1562; x_wconf 88' lang='lat' dir='ltr'>illa</span> <span class='ocrx_word' id='word_1_196' title='bbox 330 1521 540 1562; x_wconf 89' lang='lat' dir='ltr'>subtiliter</span> <span class='ocrx_word' id='word_1_197' title='bbox 561 1521 612 1561; x_wconf 90' lang='lat' dir='ltr'>ad</span> <span class='ocrx_word' id='word_1_198' title='bbox 637 1521 938 1560; x_wconf 86' lang='lat' dir='ltr'>criminandum</span> <span class='ocrx_word' id='word_1_199' title='bbox 960 1521 1130 1561; x_wconf 87' lang='lat' dir='ltr'>inducta</span> <span class='ocrx_word' id='word_1_200' title='bbox 1152 1520 1286 1561; x_wconf 90' lang='lat' dir='ltr'>oratio</span> <span class='ocrx_word' id='word_1_201' title='bbox 1318 1520 1372 1560; x_wconf 88' lang='lat' dir='ltr'>ad</span> <span class='ocrx_word' id='word_1_202' title='bbox 1407 1519 1568 1559; x_wconf 90' lang='lat' dir='ltr'>animos</span> <span class='ocrx_word' id='word_1_203' title='bbox 1602 1524 1764 1559; x_wconf 87' lang='lat' dir='ltr'>vestros</span> 
     </span>
     <span class='ocr_line' id='line_1_22' title="bbox 168 1583 1766 1633; baseline -0.004 -5"><span class='ocrx_word' id='word_1_204' title='bbox 168 1587 320 1628; x_wconf 89' lang='lat' dir='ltr'>sensim</span> <span class='ocrx_word' id='word_1_205' title='bbox 353 1601 403 1626; x_wconf 87' lang='lat' dir='ltr'>ac</span> <span class='ocrx_word' id='word_1_206' title='bbox 431 1586 580 1627; x_wconf 89' lang='lat' dir='ltr'>leniter</span> <span class='ocrx_word' id='word_1_207' title='bbox 613 1586 846 1626; x_wconf 87' lang='lat' dir='ltr'>accederet.</span> <span class='ocrx_word' id='word_1_208' title='bbox 908 1585 1030 1626; x_wconf 85' lang='lat' dir='ltr'>Dixit</span> <span class='ocrx_word' id='word_1_209' title='bbox 1058 1585 1167 1625; x_wconf 91' lang='lat' dir='ltr'>enim</span> <span class='ocrx_word' id='word_1_210' title='bbox 1195 1585 1326 1625; x_wconf 91' lang='lat' dir='ltr'>multa</span> <span class='ocrx_word' id='word_1_211' title='bbox 1354 1585 1404 1624; x_wconf 91' lang='lat' dir='ltr'>de</span> <span class='ocrx_word' id='word_1_212' title='bbox 1432 1583 1605 1633; x_wconf 82' lang='lat' dir='ltr'>luxurie,</span> <span class='ocrx_word' id='word_1_213' title='bbox 1633 1584 1766 1624; x_wconf 88' lang='lat' dir='ltr'>multa</span> 
     </span>
     <span class='ocr_line' id='line_1_23' title="bbox 170 1647 1766 1704; baseline -0.003 -13"><span class='ocrx_word' id='word_1_214' title='bbox 170 1653 222 1692; x_wconf 89' lang='lat' dir='ltr'>de</span> <span class='ocrx_word' id='word_1_215' title='bbox 243 1651 425 1699; x_wconf 90' lang='lat' dir='ltr'>libidine,</span> <span class='ocrx_word' id='word_1_216' title='bbox 448 1651 581 1691; x_wconf 89' lang='lat' dir='ltr'>multa</span> <span class='ocrx_word' id='word_1_217' title='bbox 604 1651 654 1690; x_wconf 91' lang='lat' dir='ltr'>de</span> <span class='ocrx_word' id='word_1_218' title='bbox 676 1650 788 1690; x_wconf 88' lang='lat' dir='ltr'>vitiis</span> <span class='ocrx_word' id='word_1_219' title='bbox 805 1649 1053 1704; x_wconf 85' lang='lat' dir='ltr'>juventutis,</span> <span class='ocrx_word' id='word_1_220' title='bbox 1079 1649 1211 1690; x_wconf 90' lang='lat' dir='ltr'>multa</span> <span class='ocrx_word' id='word_1_221' title='bbox 1232 1650 1282 1690; x_wconf 92' lang='lat' dir='ltr'>de</span> <span class='ocrx_word' id='word_1_222' title='bbox 1309 1649 1519 1695; x_wconf 87' lang='lat' dir='ltr'>moribus;</span> <span class='ocrx_word' id='word_1_223' title='bbox 1553 1653 1608 1697; x_wconf 89' lang='lat' dir='ltr'>et,</span> <span class='ocrx_word' id='word_1_224' title='bbox 1633 1648 1703 1702; x_wconf 90' lang='lat' dir='ltr'>qui</span> <span class='ocrx_word' id='word_1_225' title='bbox 1724 1647 1766 1687; x_wconf 89' lang='lat' dir='ltr'>in</span> 
     </span>
     <span class='ocr_line' id='line_1_24' title="bbox 169 1713 1767 1770; baseline -0.003 -15"><span class='ocrx_word' id='word_1_226' title='bbox 169 1716 329 1770; x_wconf 87' lang='lat' dir='ltr'>reliqua</span> <span class='ocrx_word' id='word_1_227' title='bbox 349 1715 436 1755; x_wconf 89' lang='lat' dir='ltr'>vita</span> <span class='ocrx_word' id='word_1_228' title='bbox 467 1714 581 1755; x_wconf 89' lang='lat' dir='ltr'>mitis</span> <span class='ocrx_word' id='word_1_229' title='bbox 613 1719 723 1755; x_wconf 90' lang='lat' dir='ltr'>esset</span> <span class='ocrx_word' id='word_1_230' title='bbox 745 1719 788 1755; x_wconf 92' lang='lat' dir='ltr'>et</span> <span class='ocrx_word' id='word_1_231' title='bbox 818 1714 860 1753; x_wconf 90' lang='lat' dir='ltr'>in</span> <span class='ocrx_word' id='word_1_232' title='bbox 886 1713 963 1754; x_wconf 89' lang='lat' dir='ltr'>hac</span> <span class='ocrx_word' id='word_1_233' title='bbox 992 1714 1200 1754; x_wconf 86' lang='lat' dir='ltr'>suavitate</span> <span class='ocrx_word' id='word_1_234' title='bbox 1222 1713 1509 1761; x_wconf 86' lang='lat' dir='ltr'>humanitatis,</span> <span class='ocrx_word' id='word_1_235' title='bbox 1534 1727 1615 1767; x_wconf 90' lang='lat' dir='ltr'>qua</span> <span class='ocrx_word' id='word_1_236' title='bbox 1639 1726 1767 1767; x_wconf 90' lang='lat' dir='ltr'>prope</span> 
     </span>
     <span class='ocr_line' id='line_1_25' title="bbox 167 1776 1767 1834; baseline -0.003 -14"><span class='ocrx_word' id='word_1_237' title='bbox 167 1781 255 1834; x_wconf 88' lang='lat' dir='ltr'>jam</span> <span class='ocrx_word' id='word_1_238' title='bbox 296 1779 558 1819; x_wconf 87' lang='lat' dir='ltr'>delectantur</span> <span class='ocrx_word' id='word_1_239' title='bbox 599 1793 753 1827; x_wconf 91' lang='lat' dir='ltr'>omnes,</span> <span class='ocrx_word' id='word_1_240' title='bbox 792 1778 947 1818; x_wconf 89' lang='lat' dir='ltr'>versari</span> <span class='ocrx_word' id='word_1_241' title='bbox 988 1779 1242 1832; x_wconf 76' lang='lat' dir='ltr'>pei-jucunde</span> <span class='ocrx_word' id='word_1_242' title='bbox 1283 1778 1451 1826; x_wconf 89' lang='lat' dir='ltr'>soleret,</span> <span class='ocrx_word' id='word_1_243' title='bbox 1489 1777 1568 1817; x_wconf 87' lang='lat' dir='ltr'>fuit</span> <span class='ocrx_word' id='word_1_244' title='bbox 1608 1776 1649 1816; x_wconf 90' lang='lat' dir='ltr'>in</span> <span class='ocrx_word' id='word_1_245' title='bbox 1690 1777 1767 1816; x_wconf 85' lang='lat' dir='ltr'>hac</span> 
     </span>
     <span class='ocr_line' id='line_1_26' title="bbox 173 1841 1766 1898; baseline -0.001 -14"><span class='ocrx_word' id='word_1_246' title='bbox 173 1858 320 1885; x_wconf 88' lang='lat' dir='ltr'>caussa</span> <span class='ocrx_word' id='word_1_247' title='bbox 342 1843 550 1898; x_wconf 88' lang='lat' dir='ltr'>pertristis</span> <span class='ocrx_word' id='word_1_248' title='bbox 572 1842 738 1897; x_wconf 88' lang='lat' dir='ltr'>quidam</span> <span class='ocrx_word' id='word_1_249' title='bbox 769 1848 958 1897; x_wconf 88' lang='lat' dir='ltr'>patruus,</span> <span class='ocrx_word' id='word_1_250' title='bbox 984 1858 1143 1892; x_wconf 89' lang='lat' dir='ltr'>censor,</span> <span class='ocrx_word' id='word_1_251' title='bbox 1167 1844 1391 1897; x_wconf 85' lang='lat' dir='ltr'>magister;</span> <span class='ocrx_word' id='word_1_252' title='bbox 1436 1841 1672 1896; x_wconf 77' lang='lat' dir='ltr'>objurgavit</span> <span class='ocrx_word' id='word_1_253' title='bbox 1704 1841 1766 1882; x_wconf 88' lang='lat' dir='ltr'>M.</span> 
     </span>
     <span class='ocr_line' id='line_1_27' title="bbox 175 1907 1771 1963; baseline -0.001 -14"><span class='ocrx_word' id='word_1_254' title='bbox 175 1908 370 1957; x_wconf 82' lang='lat' dir='ltr'>Caelium,</span> <span class='ocrx_word' id='word_1_255' title='bbox 404 1908 514 1948; x_wconf 89' lang='lat' dir='ltr'>sicut</span> <span class='ocrx_word' id='word_1_256' title='bbox 545 1907 750 1947; x_wconf 89' lang='lat' dir='ltr'>neminem</span> <span class='ocrx_word' id='word_1_257' title='bbox 781 1922 978 1962; x_wconf 89' lang='lat' dir='ltr'>umquam</span> <span class='ocrx_word' id='word_1_258' title='bbox 1014 1923 1189 1963; x_wconf 88' lang='lat' dir='ltr'>parens;</span> <span class='ocrx_word' id='word_1_259' title='bbox 1225 1909 1356 1948; x_wconf 87' lang='lat' dir='ltr'>multa</span> <span class='ocrx_word' id='word_1_260' title='bbox 1387 1908 1437 1948; x_wconf 93' lang='lat' dir='ltr'>de</span> <span class='ocrx_word' id='word_1_261' title='bbox 1468 1907 1771 1948; x_wconf 89' lang='lat' dir='ltr'>incontinentia</span> 
     </span>
     <span class='ocr_line' id='line_1_28' title="bbox 173 1971 1772 2028; baseline -0.001 -15"><span class='ocrx_word' id='word_1_262' title='bbox 173 1971 578 2027; x_wconf 88' lang='lat' dir='ltr'>intemperantiaque</span> <span class='ocrx_word' id='word_1_263' title='bbox 612 1971 822 2013; x_wconf 88' lang='lat' dir='ltr'>disseruit.</span> <span class='ocrx_word' id='word_1_264' title='bbox 886 1972 996 2024; x_wconf 74' lang='lat' dir='ltr'>Quid</span> <span class='ocrx_word' id='word_1_265' title='bbox 1033 1973 1244 2028; x_wconf 86' lang='lat' dir='ltr'>quaeritis,</span> <span class='ocrx_word' id='word_1_266' title='bbox 1275 1973 1469 2027; x_wconf 67' lang='lat' dir='ltr'>judices?</span> <span class='ocrx_word' id='word_1_267' title='bbox 1505 1972 1772 2027; x_wconf 87' lang='lat' dir='ltr'>ignoscebam</span> 
     </span>
    </p>
   </div>
   <div class='ocr_carea' id='block_1_3' title="bbox 178 2125 964 2929">
    <p class='ocr_par' dir='ltr' id='par_1_4' title="bbox 178 2125 957 2420">
     <span class='ocr_line' id='line_1_29' title="bbox 214 2125 954 2165; baseline 0.003 -11"><span class='ocrx_word' id='word_1_268' title='bbox 214 2125 509 2164; x_wconf 76' lang='lat' dir='ltr'>praevaricatione]</span> <span class='ocrx_word' id='word_1_269' title='bbox 537 2125 569 2154; x_wconf 93' lang='lat' dir='ltr'>It</span> <span class='ocrx_word' id='word_1_270' title='bbox 585 2135 656 2165; x_wconf 88' lang='lat' dir='ltr'>may</span> <span class='ocrx_word' id='word_1_271' title='bbox 671 2125 711 2155; x_wconf 83' lang='lat' dir='ltr'>be</span> <span class='ocrx_word' id='word_1_272' title='bbox 724 2125 866 2165; x_wconf 87' lang='lat' dir='ltr'>objected</span> <span class='ocrx_word' id='word_1_273' title='bbox 884 2126 954 2156; x_wconf 85' lang='lat' dir='ltr'>that</span> 
     </span>
     <span class='ocr_line' id='line_1_30' title="bbox 178 2168 953 2207; baseline 0.001 -10"><span class='ocrx_word' id='word_1_274' title='bbox 178 2168 233 2197; x_wconf 85' lang='lat' dir='ltr'>the</span> <span class='ocrx_word' id='word_1_275' title='bbox 248 2171 409 2197; x_wconf 87' lang='lat' dir='ltr'>accusator</span> <span class='ocrx_word' id='word_1_276' title='bbox 428 2177 489 2197; x_wconf 85' lang='lat' dir='ltr'>was</span> <span class='ocrx_word' id='word_1_277' title='bbox 513 2168 612 2206; x_wconf 84' lang='lat' dir='ltr'>guilty</span> <span class='ocrx_word' id='word_1_278' title='bbox 629 2168 665 2197; x_wconf 86' lang='lat' dir='ltr'>of</span> <span class='ocrx_word' id='word_1_279' title='bbox 688 2172 695 2185; x_wconf 93' lang='lat'>‘</span> <span class='ocrx_word' id='word_1_280' title='bbox 707 2169 930 2207; x_wconf 64' lang='lat' dir='ltr'>praevaricatio</span> <span class='ocrx_word' id='word_1_281' title='bbox 946 2168 953 2182; x_wconf 91' lang='lat'>’</span> 
     </span>
     <span class='ocr_line' id='line_1_31' title="bbox 181 2209 954 2250; baseline 0.001 -10"><span class='ocrx_word' id='word_1_282' title='bbox 181 2209 295 2250; x_wconf 82' lang='lat' dir='ltr'>(Index</span> <span class='ocrx_word' id='word_1_283' title='bbox 320 2215 354 2240; x_wconf 87' lang='lat' dir='ltr'>to</span> <span class='ocrx_word' id='word_1_284' title='bbox 379 2210 448 2240; x_wconf 91' lang='lat' dir='ltr'>Vol.</span> <span class='ocrx_word' id='word_1_285' title='bbox 475 2210 536 2246; x_wconf 86' lang='lat' dir='ltr'>i.);</span> <span class='ocrx_word' id='word_1_286' title='bbox 560 2210 617 2240; x_wconf 89' lang='lat' dir='ltr'>but</span> <span class='ocrx_word' id='word_1_287' title='bbox 648 2211 767 2247; x_wconf 90' lang='lat' dir='ltr'>Cicero,</span> <span class='ocrx_word' id='word_1_288' title='bbox 800 2212 871 2241; x_wconf 91' lang='lat' dir='ltr'>who</span> <span class='ocrx_word' id='word_1_289' title='bbox 901 2212 954 2241; x_wconf 90' lang='lat' dir='ltr'>de-</span> 
     </span>
     <span class='ocr_line' id='line_1_32' title="bbox 179 2253 955 2287; baseline 0.004 -6"><span class='ocrx_word' id='word_1_290' title='bbox 179 2253 292 2282; x_wconf 87' lang='lat' dir='ltr'>fended</span> <span class='ocrx_word' id='word_1_291' title='bbox 322 2253 457 2287; x_wconf 81' lang='lat' dir='ltr'>Asicius,</span> <span class='ocrx_word' id='word_1_292' title='bbox 482 2262 539 2282; x_wconf 90' lang='lat' dir='ltr'>can</span> <span class='ocrx_word' id='word_1_293' title='bbox 566 2263 685 2283; x_wconf 89' lang='lat' dir='ltr'>answer</span> <span class='ocrx_word' id='word_1_294' title='bbox 711 2254 781 2283; x_wconf 85' lang='lat' dir='ltr'>that</span> <span class='ocrx_word' id='word_1_295' title='bbox 807 2254 869 2283; x_wconf 87' lang='lat' dir='ltr'>this</span> <span class='ocrx_word' id='word_1_296' title='bbox 893 2264 955 2284; x_wconf 86' lang='lat' dir='ltr'>was</span> 
     </span>
     <span class='ocr_line' id='line_1_33' title="bbox 181 2294 956 2334; baseline 0.003 -10"><span class='ocrx_word' id='word_1_297' title='bbox 181 2299 238 2324; x_wconf 91' lang='lat' dir='ltr'>not</span> <span class='ocrx_word' id='word_1_298' title='bbox 253 2304 297 2324; x_wconf 87' lang='lat' dir='ltr'>so.</span> <span class='ocrx_word' id='word_1_299' title='bbox 345 2295 396 2324; x_wconf 90' lang='lat' dir='ltr'>He</span> <span class='ocrx_word' id='word_1_300' title='bbox 415 2294 505 2323; x_wconf 85' lang='lat' dir='ltr'>knew</span> <span class='ocrx_word' id='word_1_301' title='bbox 527 2296 677 2334; x_wconf 82' lang='lat' dir='ltr'>certainly</span> <span class='ocrx_word' id='word_1_302' title='bbox 701 2296 841 2326; x_wconf 83' lang='lat' dir='ltr'>whether</span> <span class='ocrx_word' id='word_1_303' title='bbox 866 2297 956 2326; x_wconf 88' lang='lat' dir='ltr'>there</span> 
     </span>
     <span class='ocr_line' id='line_1_34' title="bbox 182 2337 957 2376; baseline 0.004 -10"><span class='ocrx_word' id='word_1_304' title='bbox 182 2347 245 2367; x_wconf 90' lang='lat' dir='ltr'>was</span> <span class='ocrx_word' id='word_1_305' title='bbox 260 2347 321 2376; x_wconf 88' lang='lat' dir='ltr'>any</span> <span class='ocrx_word' id='word_1_306' title='bbox 338 2337 490 2366; x_wconf 87' lang='lat' dir='ltr'>collusion</span> <span class='ocrx_word' id='word_1_307' title='bbox 509 2337 650 2367; x_wconf 88' lang='lat' dir='ltr'>between</span> <span class='ocrx_word' id='word_1_308' title='bbox 672 2338 802 2368; x_wconf 85' lang='lat' dir='ltr'>himself</span> <span class='ocrx_word' id='word_1_309' title='bbox 823 2339 885 2369; x_wconf 89' lang='lat' dir='ltr'>and</span> <span class='ocrx_word' id='word_1_310' title='bbox 901 2340 957 2369; x_wconf 89' lang='lat' dir='ltr'>the</span> 
     </span>
     <span class='ocr_line' id='line_1_35' title="bbox 183 2382 376 2420; baseline -0.005 -11"><span class='ocrx_word' id='word_1_311' title='bbox 183 2382 376 2420; x_wconf 86' lang='lat' dir='ltr'>prosecutor.</span> 
     </span>
    </p>

    <p class='ocr_par' dir='ltr' id='par_1_5' title="bbox 185 2421 957 2543">
     <span class='ocr_line' id='line_1_36' title="bbox 228 2421 957 2462; baseline 0.004 -11"><span class='ocrx_word' id='word_1_312' title='bbox 228 2421 435 2460; x_wconf 81' lang='lat' dir='ltr'>cuicuimodi]</span> <span class='ocrx_word' id='word_1_313' title='bbox 485 2421 702 2460; x_wconf 83' lang='lat' dir='ltr'>Augustinus3</span> <span class='ocrx_word' id='word_1_314' title='bbox 742 2424 957 2462; x_wconf 80' lang='lat' dir='ltr'>‘cujusmodi’</span> 
     </span>
     <span class='ocr_line' id='line_1_37' title="bbox 185 2464 956 2504; baseline 0.003 -9"><span class='ocrx_word' id='word_1_315' title='bbox 185 2464 222 2495; x_wconf 90' lang='lat' dir='ltr'>C.</span> <span class='ocrx_word' id='word_1_316' title='bbox 268 2464 368 2494; x_wconf 87' lang='lat' dir='ltr'>Orelli</span> <span class='ocrx_word' id='word_1_317' title='bbox 384 2464 445 2493; x_wconf 91' lang='lat' dir='ltr'>and</span> <span class='ocrx_word' id='word_1_318' title='bbox 463 2464 557 2493; x_wconf 86' lang='lat' dir='ltr'>Halm</span> <span class='ocrx_word' id='word_1_319' title='bbox 574 2465 652 2495; x_wconf 86' lang='lat' dir='ltr'>have</span> <span class='ocrx_word' id='word_1_320' title='bbox 667 2465 802 2504; x_wconf 84' lang='lat' dir='ltr'>adopted</span> <span class='ocrx_word' id='word_1_321' title='bbox 820 2467 873 2497; x_wconf 83' lang='lat' dir='ltr'>the</span> <span class='ocrx_word' id='word_1_322' title='bbox 889 2477 956 2497; x_wconf 90' lang='lat' dir='ltr'>cor-</span> 
     </span>
     <span class='ocr_line' id='line_1_38' title="bbox 185 2506 841 2543; baseline 0.002 -6"><span class='ocrx_word' id='word_1_323' title='bbox 185 2507 316 2537; x_wconf 69' lang='lat' dir='ltr'>rect20n.</span> <span class='ocrx_word' id='word_1_324' title='bbox 363 2506 420 2535; x_wconf 87' lang='lat' dir='ltr'>See</span> <span class='ocrx_word' id='word_1_325' title='bbox 439 2506 497 2535; x_wconf 89' lang='lat' dir='ltr'>Pro</span> <span class='ocrx_word' id='word_1_326' title='bbox 515 2507 586 2536; x_wconf 80' lang='lat' dir='ltr'>Sex.</span> <span class='ocrx_word' id='word_1_327' title='bbox 606 2507 728 2543; x_wconf 83' lang='lat' dir='ltr'>Roscio,</span> <span class='ocrx_word' id='word_1_328' title='bbox 746 2519 771 2537; x_wconf 91' lang='lat' dir='ltr'>c.</span> <span class='ocrx_word' id='word_1_329' title='bbox 790 2510 841 2538; x_wconf 77' lang='lat'>34.</span> 
     </span>
    </p>

    <p class='ocr_par' dir='ltr' id='par_1_6' title="bbox 185 2548 963 2885">
     <span class='ocr_line' id='line_1_39' title="bbox 233 2548 958 2587; baseline 0.004 -8"><span class='ocrx_word' id='word_1_330' title='bbox 233 2549 392 2587; x_wconf 65' lang='lat' dir='ltr'>Gaiusque</span> <span class='ocrx_word' id='word_1_331' title='bbox 415 2548 433 2565; x_wconf 75' lang='lat'><em>*</em></span> <span class='ocrx_word' id='word_1_332' title='bbox 458 2548 476 2566; x_wconf 68' lang='lat'><em>&#39;</em></span> <span class='ocrx_word' id='word_1_333' title='bbox 502 2549 536 2587; x_wconf 74' lang='lat'>⁴⁸]</span> <span class='ocrx_word' id='word_1_334' title='bbox 565 2549 710 2579; x_wconf 87' lang='lat' dir='ltr'>Between</span> <span class='ocrx_word' id='word_1_335' title='bbox 741 2551 828 2580; x_wconf 84' lang='lat' dir='ltr'>these</span> <span class='ocrx_word' id='word_1_336' title='bbox 859 2553 958 2582; x_wconf 91' lang='lat' dir='ltr'>words</span> 
     </span>
     <span class='ocr_line' id='line_1_40' title="bbox 185 2590 959 2630; baseline 0.005 -9"><span class='ocrx_word' id='word_1_337' title='bbox 185 2592 247 2622; x_wconf 88' lang='lat' dir='ltr'>and</span> <span class='ocrx_word' id='word_1_338' title='bbox 273 2590 454 2630; x_wconf 78' lang='lat' dir='ltr'>‘cognitus&#39;</span> <span class='ocrx_word' id='word_1_339' title='bbox 486 2591 573 2620; x_wconf 80' lang='lat' dir='ltr'>there</span> <span class='ocrx_word' id='word_1_340' title='bbox 599 2602 650 2621; x_wconf 89' lang='lat' dir='ltr'>are</span> <span class='ocrx_word' id='word_1_341' title='bbox 677 2594 709 2621; x_wconf 90' lang='lat' dir='ltr'>in</span> <span class='ocrx_word' id='word_1_342' title='bbox 733 2592 787 2622; x_wconf 89' lang='lat' dir='ltr'>the</span> <span class='ocrx_word' id='word_1_343' title='bbox 814 2604 959 2625; x_wconf 89' lang='lat' dir='ltr'>common</span> 
     </span>
     <span class='ocr_line' id='line_1_41' title="bbox 186 2633 963 2672; baseline 0.004 -8"><span class='ocrx_word' id='word_1_344' title='bbox 186 2634 330 2670; x_wconf 86' lang='lat' dir='ltr'>editions,</span> <span class='ocrx_word' id='word_1_345' title='bbox 356 2638 374 2650; x_wconf 79' lang='lat'>‘¹</span> <span class='ocrx_word' id='word_1_346' title='bbox 390 2633 532 2672; x_wconf 87' lang='lat' dir='ltr'>Coponii,</span> <span class='ocrx_word' id='word_1_347' title='bbox 545 2634 597 2672; x_wconf 92' lang='lat' dir='ltr'>qui</span> <span class='ocrx_word' id='word_1_348' title='bbox 614 2644 650 2663; x_wconf 83' lang='lat' dir='ltr'>ex</span> <span class='ocrx_word' id='word_1_349' title='bbox 667 2635 812 2664; x_wconf 86' lang='lat' dir='ltr'>omnibus</span> <span class='ocrx_word' id='word_1_350' title='bbox 829 2639 963 2667; x_wconf 86' lang='lat' dir='ltr'>maxime</span> 
     </span>
     <span class='ocr_line' id='line_1_42' title="bbox 187 2675 962 2716; baseline 0.003 -9"><span class='ocrx_word' id='word_1_351' title='bbox 187 2677 299 2707; x_wconf 88' lang='lat' dir='ltr'>Dionis</span> <span class='ocrx_word' id='word_1_352' title='bbox 324 2681 456 2706; x_wconf 90' lang='lat' dir='ltr'>mortem</span> <span class='ocrx_word' id='word_1_353' title='bbox 482 2675 659 2709; x_wconf 75' lang='lat' dir='ltr'>doluerunt.</span> <span class='ocrx_word' id='word_1_354' title='bbox 686 2677 739 2716; x_wconf 91' lang='lat' dir='ltr'>qui</span> <span class='ocrx_word' id='word_1_355' title='bbox 766 2688 862 2716; x_wconf 89' lang='lat' dir='ltr'>quum</span> <span class='ocrx_word' id='word_1_356' title='bbox 890 2680 962 2709; x_wconf 82' lang='lat' dir='ltr'>doc-</span> 
     </span>
     <span class='ocr_line' id='line_1_43' title="bbox 188 2719 959 2757; baseline 0.003 -8"><span class='ocrx_word' id='word_1_357' title='bbox 188 2720 289 2749; x_wconf 82' lang='lat' dir='ltr'>trinae</span> <span class='ocrx_word' id='word_1_358' title='bbox 305 2719 408 2749; x_wconf 84' lang='lat' dir='ltr'>studio</span> <span class='ocrx_word' id='word_1_359' title='bbox 424 2724 518 2757; x_wconf 88' lang='lat' dir='ltr'>atque</span> <span class='ocrx_word' id='word_1_360' title='bbox 542 2719 756 2754; x_wconf 78' lang='lat' dir='ltr'>humanitatis,</span> <span class='ocrx_word' id='word_1_361' title='bbox 781 2724 848 2749; x_wconf 85' lang='lat' dir='ltr'>tum</span> <span class='ocrx_word' id='word_1_362' title='bbox 866 2722 959 2751; x_wconf 85' lang='lat' dir='ltr'>etiam</span> 
     </span>
     <span class='ocr_line' id='line_1_44' title="bbox 188 2760 962 2802; baseline 0.003 -11"><span class='ocrx_word' id='word_1_363' title='bbox 188 2762 324 2801; x_wconf 85' lang='lat' dir='ltr'>hospitio</span> <span class='ocrx_word' id='word_1_364' title='bbox 334 2760 647 2791; x_wconf 85' lang='lat' dir='ltr'>Dionistenebantur.</span> <span class='ocrx_word' id='word_1_365' title='bbox 667 2762 871 2792; x_wconf 87' lang='lat' dir='ltr'>Habitabatis</span> <span class='ocrx_word' id='word_1_366' title='bbox 878 2764 962 2802; x_wconf 88' lang='lat' dir='ltr'>apud</span> 
     </span>
     <span class='ocr_line' id='line_1_45' title="bbox 189 2803 960 2845; baseline 0.001 -11"><span class='ocrx_word' id='word_1_367' title='bbox 189 2805 227 2834; x_wconf 91' lang='lat' dir='ltr'>L.</span> <span class='ocrx_word' id='word_1_368' title='bbox 247 2805 426 2840; x_wconf 87' lang='lat' dir='ltr'>Lucceium,</span> <span class='ocrx_word' id='word_1_369' title='bbox 443 2807 479 2833; x_wconf 89' lang='lat' dir='ltr'>ut</span> <span class='ocrx_word' id='word_1_370' title='bbox 499 2803 639 2833; x_wconf 88' lang='lat' dir='ltr'>audistis.</span> <span class='ocrx_word' id='word_1_371' title='bbox 698 2804 812 2833; x_wconf 87' lang='lat' dir='ltr'>Fuerat</span> <span class='ocrx_word' id='word_1_372' title='bbox 835 2805 863 2834; x_wconf 89' lang='lat' dir='ltr'>ei</span> <span class='ocrx_word' id='word_1_373' title='bbox 888 2816 960 2845; x_wconf 88' lang='lat' dir='ltr'>cog-</span> 
     </span>
     <span class='ocr_line' id='line_1_46' title="bbox 190 2846 917 2885; baseline 0.001 -9"><span class='ocrx_word' id='word_1_374' title='bbox 190 2846 311 2883; x_wconf 87' lang='lat' dir='ltr'>nitus,&#39;&#39;</span> <span class='ocrx_word' id='word_1_375' title='bbox 328 2851 385 2877; x_wconf 82' lang='lat' dir='ltr'>&amp;c.</span> <span class='ocrx_word' id='word_1_376' title='bbox 433 2846 496 2876; x_wconf 90' lang='lat' dir='ltr'>But</span> <span class='ocrx_word' id='word_1_377' title='bbox 511 2846 573 2875; x_wconf 89' lang='lat' dir='ltr'>this</span> <span class='ocrx_word' id='word_1_378' title='bbox 588 2846 614 2876; x_wconf 89' lang='lat' dir='ltr'>is</span> <span class='ocrx_word' id='word_1_379' title='bbox 629 2856 668 2876; x_wconf 89' lang='lat' dir='ltr'>an</span> <span class='ocrx_word' id='word_1_380' title='bbox 685 2847 917 2885; x_wconf 88' lang='lat' dir='ltr'>interpolation.</span> 
     </span>
    </p>

    <p class='ocr_par' dir='ltr' id='par_1_7' title="bbox 236 2889 964 2929">
     <span class='ocr_line' id='line_1_47' title="bbox 236 2889 964 2929; baseline -0.001 -8"><span class='ocrx_word' id='word_1_381' title='bbox 236 2890 283 2921; x_wconf 82' lang='lat' dir='ltr'>ll.</span> <span class='ocrx_word' id='word_1_382' title='bbox 296 2890 336 2920; x_wconf 94' lang='lat' dir='ltr'>L.</span> <span class='ocrx_word' id='word_1_383' title='bbox 355 2889 569 2928; x_wconf 80' lang='lat' dir='ltr'>Herennium]</span> <span class='ocrx_word' id='word_1_384' title='bbox 589 2889 638 2919; x_wconf 91' lang='lat' dir='ltr'>He</span> <span class='ocrx_word' id='word_1_385' title='bbox 648 2899 709 2918; x_wconf 84' lang='lat' dir='ltr'>was</span> <span class='ocrx_word' id='word_1_386' title='bbox 720 2898 779 2918; x_wconf 86' lang='lat' dir='ltr'>one</span> <span class='ocrx_word' id='word_1_387' title='bbox 789 2890 823 2918; x_wconf 88' lang='lat' dir='ltr'>of</span> <span class='ocrx_word' id='word_1_388' title='bbox 829 2890 884 2919; x_wconf 89' lang='lat' dir='ltr'>the</span> <span class='ocrx_word' id='word_1_389' title='bbox 893 2900 964 2929; x_wconf 82' lang='lat' dir='ltr'>pro-</span> 
     </span>
    </p>
   </div>
   <div class='ocr_carea' id='block_1_4' title="bbox 1000 2126 1785 2881">
    <p class='ocr_par' dir='ltr' id='par_1_8' title="bbox 1000 2126 1776 2200">
     <span class='ocr_line' id='line_1_48' title="bbox 1000 2126 1776 2166; baseline 0 -9"><span class='ocrx_word' id='word_1_390' title='bbox 1000 2129 1152 2164; x_wconf 79' lang='lat' dir='ltr'>secutors,</span> <span class='ocrx_word' id='word_1_391' title='bbox 1169 2127 1223 2157; x_wconf 88' lang='lat' dir='ltr'>the</span> <span class='ocrx_word' id='word_1_392' title='bbox 1240 2126 1432 2166; x_wconf 82' lang='lat' dir='ltr'>subscriptor</span> <span class='ocrx_word' id='word_1_393' title='bbox 1454 2126 1490 2157; x_wconf 89' lang='lat' dir='ltr'>of</span> <span class='ocrx_word' id='word_1_394' title='bbox 1507 2126 1683 2164; x_wconf 77' lang='lat' dir='ltr'>Atratinus,</span> <span class='ocrx_word' id='word_1_395' title='bbox 1700 2136 1734 2157; x_wconf 89' lang='lat' dir='ltr'>as</span> <span class='ocrx_word' id='word_1_396' title='bbox 1749 2127 1776 2157; x_wconf 92' lang='lat' dir='ltr'>it</span> 
     </span>
     <span class='ocr_line' id='line_1_49' title="bbox 1000 2180 1110 2200; baseline 0 -1"><span class='ocrx_word' id='word_1_397' title='bbox 1000 2180 1110 2200; x_wconf 88' lang='lat' dir='ltr'>seems.</span> 
     </span>
    </p>

    <p class='ocr_par' dir='ltr' id='par_1_9' title="bbox 1000 2212 1785 2881">
     <span class='ocr_line' id='line_1_50' title="bbox 1043 2212 1776 2252; baseline 0 -10"><span class='ocrx_word' id='word_1_398' title='bbox 1043 2212 1222 2252; x_wconf 80' lang='lat' dir='ltr'>accederet]</span> <span class='ocrx_word' id='word_1_399' title='bbox 1262 2213 1297 2242; x_wconf 93' lang='lat' dir='ltr'>P.</span> <span class='ocrx_word' id='word_1_400' title='bbox 1324 2212 1361 2242; x_wconf 91' lang='lat' dir='ltr'>E.</span> <span class='ocrx_word' id='word_1_401' title='bbox 1380 2213 1419 2243; x_wconf 92' lang='lat' dir='ltr'>G.</span> <span class='ocrx_word' id='word_1_402' title='bbox 1457 2215 1464 2229; x_wconf 89' lang='lat'>‘</span> <span class='ocrx_word' id='word_1_403' title='bbox 1478 2212 1599 2242; x_wconf 87' lang='lat' dir='ltr'>animos</span> <span class='ocrx_word' id='word_1_404' title='bbox 1617 2234 1624 2242; x_wconf 89' lang='lat'><em>.</em></span> <span class='ocrx_word' id='word_1_405' title='bbox 1643 2235 1651 2242; x_wconf 93' lang='lat'>.</span> <span class='ocrx_word' id='word_1_406' title='bbox 1667 2222 1776 2242; x_wconf 89' lang='lat' dir='ltr'>accen-</span> 
     </span>
     <span class='ocr_line' id='line_1_51' title="bbox 1000 2255 1776 2294; baseline 0 -10"><span class='ocrx_word' id='word_1_407' title='bbox 1000 2255 1108 2284; x_wconf 86' lang='lat' dir='ltr'>deret&#39;</span> <span class='ocrx_word' id='word_1_408' title='bbox 1128 2255 1159 2285; x_wconf 81' lang='lat' dir='ltr'>S.</span> <span class='ocrx_word' id='word_1_409' title='bbox 1205 2255 1307 2285; x_wconf 90' lang='lat' dir='ltr'>There</span> <span class='ocrx_word' id='word_1_410' title='bbox 1330 2256 1357 2285; x_wconf 88' lang='lat' dir='ltr'>is</span> <span class='ocrx_word' id='word_1_411' title='bbox 1382 2256 1446 2285; x_wconf 89' lang='lat' dir='ltr'>also</span> <span class='ocrx_word' id='word_1_412' title='bbox 1472 2265 1491 2285; x_wconf 89' lang='lat' dir='ltr'>a</span> <span class='ocrx_word' id='word_1_413' title='bbox 1514 2255 1645 2294; x_wconf 87' lang='lat' dir='ltr'>reading</span> <span class='ocrx_word' id='word_1_414' title='bbox 1675 2255 1776 2284; x_wconf 81' lang='lat' dir='ltr'>‘acci-</span> 
     </span>
     <span class='ocr_line' id='line_1_52' title="bbox 1001 2297 1778 2336; baseline -0.001 -9"><span class='ocrx_word' id='word_1_415' title='bbox 1001 2297 1111 2333; x_wconf 88' lang='lat' dir='ltr'>deret,&#39;</span> <span class='ocrx_word' id='word_1_416' title='bbox 1136 2298 1192 2328; x_wconf 88' lang='lat' dir='ltr'>but</span> <span class='ocrx_word' id='word_1_417' title='bbox 1208 2298 1223 2327; x_wconf 96' lang='lat' dir='ltr'>I</span> <span class='ocrx_word' id='word_1_418' title='bbox 1241 2298 1281 2327; x_wconf 92' lang='lat' dir='ltr'>do</span> <span class='ocrx_word' id='word_1_419' title='bbox 1304 2302 1360 2327; x_wconf 89' lang='lat' dir='ltr'>not</span> <span class='ocrx_word' id='word_1_420' title='bbox 1375 2298 1467 2327; x_wconf 87' lang='lat' dir='ltr'>know</span> <span class='ocrx_word' id='word_1_421' title='bbox 1483 2297 1538 2327; x_wconf 89' lang='lat' dir='ltr'>the</span> <span class='ocrx_word' id='word_1_422' title='bbox 1553 2297 1712 2336; x_wconf 86' lang='lat' dir='ltr'>authority</span> <span class='ocrx_word' id='word_1_423' title='bbox 1728 2297 1778 2327; x_wconf 85' lang='lat' dir='ltr'>for</span> 
     </span>
     <span class='ocr_line' id='line_1_53' title="bbox 1001 2340 1775 2370; baseline -0.001 0"><span class='ocrx_word' id='word_1_424' title='bbox 1001 2341 1035 2370; x_wconf 92' lang='lat' dir='ltr'>it.</span> <span class='ocrx_word' id='word_1_425' title='bbox 1084 2341 1178 2370; x_wconf 83' lang='lat' dir='ltr'>Halm</span> <span class='ocrx_word' id='word_1_426' title='bbox 1210 2340 1285 2370; x_wconf 86' lang='lat' dir='ltr'>does</span> <span class='ocrx_word' id='word_1_427' title='bbox 1315 2344 1372 2370; x_wconf 92' lang='lat' dir='ltr'>not</span> <span class='ocrx_word' id='word_1_428' title='bbox 1398 2340 1501 2370; x_wconf 88' lang='lat' dir='ltr'>notice</span> <span class='ocrx_word' id='word_1_429' title='bbox 1527 2340 1617 2369; x_wconf 82' lang='lat' dir='ltr'>it.—‘</span> <span class='ocrx_word' id='word_1_430' title='bbox 1630 2340 1742 2370; x_wconf 85' lang='lat' dir='ltr'>leniter</span> <span class='ocrx_word' id='word_1_431' title='bbox 1755 2340 1775 2369; x_wconf 72' lang='grc' dir='ltr'>ι’</span> 
     </span>
     <span class='ocr_line' id='line_1_54' title="bbox 1003 2382 1777 2422; baseline -0.003 -9"><span class='ocrx_word' id='word_1_432' title='bbox 1003 2383 1042 2414; x_wconf 90' lang='lat' dir='ltr'>G.</span> <span class='ocrx_word' id='word_1_433' title='bbox 1076 2383 1204 2413; x_wconf 86' lang='lat' dir='ltr'>‘leviter</span> <span class='ocrx_word' id='word_1_434' title='bbox 1217 2383 1224 2396; x_wconf 88' lang='lat'>&#39;</span> <span class='ocrx_word' id='word_1_435' title='bbox 1244 2383 1278 2413; x_wconf 90' lang='lat' dir='ltr'>P.</span> <span class='ocrx_word' id='word_1_436' title='bbox 1293 2383 1330 2412; x_wconf 90' lang='lat' dir='ltr'>E.</span> <span class='ocrx_word' id='word_1_437' title='bbox 1349 2383 1435 2412; x_wconf 84' lang='lat' dir='ltr'><strong>S.-‘</strong></span> <span class='ocrx_word' id='word_1_438' title='bbox 1449 2382 1603 2421; x_wconf 82' lang='lat' dir='ltr'>pertristis</span> <span class='ocrx_word' id='word_1_439' title='bbox 1618 2382 1777 2422; x_wconf 86' lang='lat' dir='ltr'>patruus:&#39;</span> 
     </span>
     <span class='ocr_line' id='line_1_55' title="bbox 1004 2425 1780 2464; baseline 0 -9"><span class='ocrx_word' id='word_1_440' title='bbox 1004 2430 1010 2442; x_wconf 91' lang='lat'>‘</span> <span class='ocrx_word' id='word_1_441' title='bbox 1022 2436 1041 2455; x_wconf 90' lang='lat' dir='ltr'>a</span> <span class='ocrx_word' id='word_1_442' title='bbox 1077 2436 1151 2464; x_wconf 89' lang='lat' dir='ltr'>very</span> <span class='ocrx_word' id='word_1_443' title='bbox 1188 2425 1398 2464; x_wconf 86' lang='lat' dir='ltr'>ill-tempered</span> <span class='ocrx_word' id='word_1_444' title='bbox 1433 2425 1586 2464; x_wconf 64' lang='lat' dir='ltr'>patruus!</span> <span class='ocrx_word' id='word_1_445' title='bbox 1656 2425 1780 2455; x_wconf 89' lang='lat' dir='ltr'>Horace</span> 
     </span>
     <span class='ocr_line' id='line_1_56' title="bbox 1003 2467 1780 2508; baseline 0 -10"><span class='ocrx_word' id='word_1_446' title='bbox 1003 2469 1122 2508; x_wconf 83' lang='lat' dir='ltr'>(Carm.</span> <span class='ocrx_word' id='word_1_447' title='bbox 1139 2469 1182 2498; x_wconf 92' lang='lat' dir='ltr'>iii.</span> <span class='ocrx_word' id='word_1_448' title='bbox 1196 2468 1249 2508; x_wconf 82' lang='lat'>12)</span> <span class='ocrx_word' id='word_1_449' title='bbox 1262 2468 1373 2507; x_wconf 85' lang='lat' dir='ltr'>speaks</span> <span class='ocrx_word' id='word_1_450' title='bbox 1384 2467 1418 2497; x_wconf 89' lang='lat' dir='ltr'>of</span> <span class='ocrx_word' id='word_1_451' title='bbox 1425 2468 1479 2497; x_wconf 89' lang='lat' dir='ltr'>the</span> <span class='ocrx_word' id='word_1_452' title='bbox 1495 2471 1639 2506; x_wconf 71' lang='lat' dir='ltr'>“patruae</span> <span class='ocrx_word' id='word_1_453' title='bbox 1652 2469 1780 2498; x_wconf 85' lang='lat' dir='ltr'>verbera</span> 
     </span>
     <span class='ocr_line' id='line_1_57' title="bbox 1001 2510 1780 2550; baseline 0 -10"><span class='ocrx_word' id='word_1_454' title='bbox 1001 2511 1126 2550; x_wconf 88' lang='lat' dir='ltr'>linguae</span> <span class='ocrx_word' id='word_1_455' title='bbox 1140 2511 1158 2547; x_wconf 84' lang='lat'>3&#39;</span> <span class='ocrx_word' id='word_1_456' title='bbox 1175 2511 1235 2540; x_wconf 91' lang='lat' dir='ltr'>and</span> <span class='ocrx_word' id='word_1_457' title='bbox 1252 2511 1342 2549; x_wconf 86' lang='lat' dir='ltr'>again</span> <span class='ocrx_word' id='word_1_458' title='bbox 1360 2510 1439 2549; x_wconf 89' lang='lat' dir='ltr'>(Sat.</span> <span class='ocrx_word' id='word_1_459' title='bbox 1457 2511 1487 2539; x_wconf 90' lang='lat' dir='ltr'>ii.</span> <span class='ocrx_word' id='word_1_460' title='bbox 1505 2512 1535 2540; x_wconf 87' lang='lat'>3.</span> <span class='ocrx_word' id='word_1_461' title='bbox 1549 2510 1604 2549; x_wconf 87' lang='grc'>88)</span> <span class='ocrx_word' id='word_1_462' title='bbox 1621 2522 1627 2539; x_wconf 90' lang='lat'>:</span> <span class='ocrx_word' id='word_1_463' title='bbox 1653 2514 1670 2527; x_wconf 83' lang='lat'><strong>“</strong></span> <span class='ocrx_word' id='word_1_464' title='bbox 1683 2521 1723 2540; x_wconf 84' lang='lat' dir='ltr'>ne</span> <span class='ocrx_word' id='word_1_465' title='bbox 1739 2511 1780 2541; x_wconf 90' lang='lat' dir='ltr'>sis</span> 
     </span>
     <span class='ocr_line' id='line_1_58' title="bbox 1003 2553 1782 2593; baseline -0.001 -10"><span class='ocrx_word' id='word_1_466' title='bbox 1003 2559 1133 2593; x_wconf 86' lang='lat' dir='ltr'>patruus</span> <span class='ocrx_word' id='word_1_467' title='bbox 1149 2553 1258 2583; x_wconf 88' lang='lat' dir='ltr'>mihi.”</span> <span class='ocrx_word' id='word_1_468' title='bbox 1306 2553 1456 2583; x_wconf 89' lang='lat' dir='ltr'>Garatoni</span> <span class='ocrx_word' id='word_1_469' title='bbox 1472 2563 1542 2592; x_wconf 87' lang='lat' dir='ltr'>says</span> <span class='ocrx_word' id='word_1_470' title='bbox 1557 2565 1563 2582; x_wconf 72' lang='grc' dir='ltr'><strong><em>ε</em></strong></span> <span class='ocrx_word' id='word_1_471' title='bbox 1589 2557 1596 2570; x_wconf 81' lang='lat'><strong>⁴</strong></span> <span class='ocrx_word' id='word_1_472' title='bbox 1610 2554 1717 2583; x_wconf 87' lang='lat' dir='ltr'>uncles</span> <span class='ocrx_word' id='word_1_473' title='bbox 1729 2564 1782 2583; x_wconf 89' lang='lat' dir='ltr'>are</span> 
     </span>
     <span class='ocr_line' id='line_1_59' title="bbox 1004 2596 1782 2635; baseline -0.001 -9"><span class='ocrx_word' id='word_1_474' title='bbox 1004 2596 1161 2635; x_wconf 83' lang='lat' dir='ltr'>generally</span> <span class='ocrx_word' id='word_1_475' title='bbox 1188 2606 1276 2625; x_wconf 85' lang='lat' dir='ltr'>more</span> <span class='ocrx_word' id='word_1_476' title='bbox 1300 2606 1404 2625; x_wconf 88' lang='lat' dir='ltr'>severe</span> <span class='ocrx_word' id='word_1_477' title='bbox 1430 2596 1462 2625; x_wconf 91' lang='lat' dir='ltr'>in</span> <span class='ocrx_word' id='word_1_478' title='bbox 1486 2596 1654 2635; x_wconf 77' lang='lat' dir='ltr'>reproving</span> <span class='ocrx_word' id='word_1_479' title='bbox 1676 2606 1782 2635; x_wconf 86' lang='lat' dir='ltr'>young</span> 
     </span>
     <span class='ocr_line' id='line_1_60' title="bbox 1008 2638 1783 2673; baseline -0.001 -5"><span class='ocrx_word' id='word_1_480' title='bbox 1008 2649 1080 2668; x_wconf 81' lang='lat' dir='ltr'>men</span> <span class='ocrx_word' id='word_1_481' title='bbox 1103 2639 1180 2668; x_wconf 81' lang='lat' dir='ltr'>than</span> <span class='ocrx_word' id='word_1_482' title='bbox 1205 2638 1332 2673; x_wconf 84' lang='lat' dir='ltr'>fathers,</span> <span class='ocrx_word' id='word_1_483' title='bbox 1349 2639 1427 2667; x_wconf 89' lang='lat' dir='ltr'>from</span> <span class='ocrx_word' id='word_1_484' title='bbox 1452 2638 1554 2667; x_wconf 85' lang='lat' dir='ltr'>whom</span> <span class='ocrx_word' id='word_1_485' title='bbox 1579 2643 1689 2668; x_wconf 85' lang='lat' dir='ltr'>nature</span> <span class='ocrx_word' id='word_1_486' title='bbox 1712 2639 1783 2668; x_wconf 84' lang='lat' dir='ltr'>her-</span> 
     </span>
     <span class='ocr_line' id='line_1_61' title="bbox 1008 2680 1784 2720; baseline 0 -10"><span class='ocrx_word' id='word_1_487' title='bbox 1008 2682 1069 2710; x_wconf 86' lang='lat' dir='ltr'>self</span> <span class='ocrx_word' id='word_1_488' title='bbox 1080 2681 1237 2720; x_wconf 89' lang='lat' dir='ltr'>generally</span> <span class='ocrx_word' id='word_1_489' title='bbox 1253 2686 1372 2710; x_wconf 84' lang='lat' dir='ltr'>extorts</span> <span class='ocrx_word' id='word_1_490' title='bbox 1388 2680 1597 2719; x_wconf 86' lang='lat' dir='ltr'>indulgence.&#39;</span> <span class='ocrx_word' id='word_1_491' title='bbox 1628 2681 1784 2711; x_wconf 84' lang='lat' dir='ltr'>Whether</span> 
     </span>
     <span class='ocr_line' id='line_1_62' title="bbox 1007 2723 1783 2753; baseline -0.001 0"><span class='ocrx_word' id='word_1_492' title='bbox 1007 2724 1070 2753; x_wconf 87' lang='lat' dir='ltr'>this</span> <span class='ocrx_word' id='word_1_493' title='bbox 1085 2725 1111 2753; x_wconf 88' lang='lat' dir='ltr'>is</span> <span class='ocrx_word' id='word_1_494' title='bbox 1135 2728 1206 2753; x_wconf 87' lang='lat' dir='ltr'>true</span> <span class='ocrx_word' id='word_1_495' title='bbox 1229 2733 1264 2753; x_wconf 89' lang='lat' dir='ltr'>or</span> <span class='ocrx_word' id='word_1_496' title='bbox 1288 2727 1344 2752; x_wconf 91' lang='lat' dir='ltr'>not</span> <span class='ocrx_word' id='word_1_497' title='bbox 1370 2724 1460 2753; x_wconf 86' lang='lat' dir='ltr'>those</span> <span class='ocrx_word' id='word_1_498' title='bbox 1483 2726 1568 2752; x_wconf 87' lang='lat' dir='ltr'>must</span> <span class='ocrx_word' id='word_1_499' title='bbox 1591 2723 1697 2752; x_wconf 85' lang='lat' dir='ltr'>decide</span> <span class='ocrx_word' id='word_1_500' title='bbox 1713 2724 1783 2752; x_wconf 90' lang='lat' dir='ltr'>who</span> 
     </span>
     <span class='ocr_line' id='line_1_63' title="bbox 1007 2766 1783 2805; baseline 0 -10"><span class='ocrx_word' id='word_1_501' title='bbox 1007 2776 1075 2795; x_wconf 89' lang='lat' dir='ltr'>can.</span> <span class='ocrx_word' id='word_1_502' title='bbox 1123 2767 1138 2796; x_wconf 91' lang='grc' dir='ltr'><strong>Ι</strong></span> <span class='ocrx_word' id='word_1_503' title='bbox 1155 2776 1290 2805; x_wconf 88' lang='lat' dir='ltr'>suppose</span> <span class='ocrx_word' id='word_1_504' title='bbox 1305 2766 1375 2796; x_wconf 83' lang='lat' dir='ltr'>that</span> <span class='ocrx_word' id='word_1_505' title='bbox 1398 2767 1452 2796; x_wconf 89' lang='lat' dir='ltr'>the</span> <span class='ocrx_word' id='word_1_506' title='bbox 1475 2766 1585 2804; x_wconf 89' lang='lat' dir='ltr'>saying</span> <span class='ocrx_word' id='word_1_507' title='bbox 1608 2766 1732 2804; x_wconf 85' lang='lat' dir='ltr'>applied</span> <span class='ocrx_word' id='word_1_508' title='bbox 1749 2769 1783 2795; x_wconf 86' lang='lat' dir='ltr'>to</span> 
     </span>
     <span class='ocr_line' id='line_1_64' title="bbox 1006 2807 1785 2848; baseline 0.001 -11"><span class='ocrx_word' id='word_1_509' title='bbox 1006 2808 1059 2837; x_wconf 85' lang='lat' dir='ltr'>the</span> <span class='ocrx_word' id='word_1_510' title='bbox 1075 2819 1143 2838; x_wconf 87' lang='lat' dir='ltr'>case</span> <span class='ocrx_word' id='word_1_511' title='bbox 1169 2809 1204 2838; x_wconf 84' lang='lat' dir='ltr'>of</span> <span class='ocrx_word' id='word_1_512' title='bbox 1224 2819 1242 2838; x_wconf 90' lang='lat' dir='ltr'>a</span> <span class='ocrx_word' id='word_1_513' title='bbox 1265 2809 1363 2848; x_wconf 83' lang='lat' dir='ltr'>youth</span> <span class='ocrx_word' id='word_1_514' title='bbox 1388 2809 1486 2838; x_wconf 89' lang='lat' dir='ltr'>under</span> <span class='ocrx_word' id='word_1_515' title='bbox 1507 2818 1548 2838; x_wconf 89' lang='lat' dir='ltr'>an</span> <span class='ocrx_word' id='word_1_516' title='bbox 1571 2807 1691 2838; x_wconf 80' lang='lat' dir='ltr'>uncle’s</span> <span class='ocrx_word' id='word_1_517' title='bbox 1715 2817 1785 2838; x_wconf 88' lang='lat' dir='ltr'>care</span> 
     </span>
     <span class='ocr_line' id='line_1_65' title="bbox 1007 2850 1423 2881; baseline 0.005 -2"><span class='ocrx_word' id='word_1_518' title='bbox 1007 2850 1087 2880; x_wconf 87' lang='lat' dir='ltr'>after</span> <span class='ocrx_word' id='word_1_519' title='bbox 1102 2851 1156 2880; x_wconf 89' lang='lat' dir='ltr'>the</span> <span class='ocrx_word' id='word_1_520' title='bbox 1172 2851 1303 2881; x_wconf 86' lang='lat' dir='ltr'>father&#39;s</span> <span class='ocrx_word' id='word_1_521' title='bbox 1318 2851 1423 2881; x_wconf 89' lang='lat' dir='ltr'>death.</span> 
     </span>
    </p>
   </div>
  </div>
 </body>
</html>
