1899 3227
183 194 237 233 58
637 193 816 235 ORAT.
850 193 970 234 PRO
1007 193 1067 233 M.
1100 192 1328 234 CAELIO

180 307 372 348 audieras
393 306 584 348 consules
605 307 759 348 fuisse?
819 307 913 347 Non
935 306 1111 361 denique
1142 307 1265 346 modo
1296 310 1339 346 te
1366 304 1416 356 Q.
1442 303 1603 345 Metelli
1633 305 1775 347 matri-

181 372 365 412 monium
401 373 585 413 tenuisse
620 372 794 422 sciebas,
830 371 1047 412 clarissimi
1082 386 1131 411 ac
1168 370 1383 411 fortissimi
1417 369 1492 410 viri
1533 370 1777 426 patriaeque

181 437 455 478 amantissimi
470 438 482 477 3
513 438 581 492 qui
598 437 719 478 simul
735 452 782 477 ac
799 436 947 491 pedem
963 436 1102 476 limine
1124 435 1347 484 extulerat,
1362 449 1505 475 omnes
1520 449 1649 490 prope
1666 436 1775 476 cives

150 541 160 548 ,
182 502 349 551 virtute,
373 502 517 556 gloria,
545 503 753 555 dignitate
783 501 1035 555 superabat?
1097 502 1233 553 Quum
1266 515 1317 540 ex
1343 499 1597 554 amplissimo
1624 515 1777 554 genere

122 617 125 620 Ι
181 566 222 606 in
249 567 446 607 familiam
479 566 745 606 clarissimam
777 565 1002 620 nupsisses,
1028 580 1101 605 cur
1128 565 1206 605 tibi
1229 564 1394 604 Caelius
1415 570 1502 605 tam
1527 565 1778 619 conjunctus

179 631 286 671 fuit?
347 632 588 685 Cognatus3
630 630 790 670 affinis?
833 629 907 669 viri
929 629 991 670 tui
1012 629 1250 670 familiaris?
1312 628 1425 668 Nihil
1447 629 1605 669 horum.
1668 628 1778 679 Quid

182 697 311 752 igitur
330 697 409 738 fuit
430 697 508 737 nisi
532 697 735 751 quaedam
756 695 975 737 temeritas
1005 710 1054 735 ac
1085 694 1239 735 libido?
1300 693 1449 734 Nonne
1474 699 1530 743 te,
1553 694 1587 734 si
1610 700 1778 734 nostrae

114 790 126 804 .
181 762 382 815 imagines
395 761 532 802 viriles
548 776 629 801 non
647 761 975 810 commovebant,
995 774 1045 799 ne
1066 759 1288 814 progenies
1310 758 1474 813 quidem
1496 773 1600 806 mea,
1622 758 1780 810 Quinta

181 827 248 867 illa
290 826 471 868 Claudia.
505 827 709 866 aemulam
753 825 1006 866 domesticae
1046 824 1180 864 laudis
1220 824 1261 864 in
1302 824 1434 879 gloria
1469 823 1654 863 muliebri
1687 824 1778 864 esse

180 892 457 932 admonebat?
488 907 569 932 non
595 891 709 946 virgo
730 891 798 930 illa
822 889 1010 931 Vestalis
1034 889 1219 938 Claudia,
1245 904 1350 944 quae
1371 895 1536 944 patrem
1562 889 1779 943 complexa

180 957 505 1010 triumphantem
528 958 579 996 ab
602 956 768 996 inimico
790 955 958 996 tribuno
982 955 1113 1009 plebei
1137 955 1187 995 de
1210 969 1333 994 curru
1356 953 1519 994 detrahi
1550 967 1674 1008 passa
1697 967 1779 992 non

182 1023 274 1062 est?
335 1021 419 1061 Cur
449 1026 492 1061 te
523 1022 709 1061 fraterna
730 1020 830 1060 vitia
861 1020 1002 1075 potius
1033 1034 1155 1074 quam
1185 1020 1294 1059 bona
1322 1025 1496 1073 paterna
1528 1024 1571 1059 et
1598 1018 1710 1059 avita
1735 1023 1779 1058 et

181 1101 310 1141 usque
332 1100 356 1126 a
376 1087 496 1127 nobis
513 1101 639 1141 quum
656 1086 696 1125 in
714 1085 810 1125 viris
831 1090 920 1126 tum
942 1084 1070 1126 etiam
1092 1085 1133 1124 in
1155 1084 1318 1124 feminis
1338 1083 1518 1138 repetita
1534 1083 1779 1123 moverunt?

183 1151 337 1191 Ideone
378 1166 455 1206 ego
496 1166 641 1206 pacem
685 1150 835 1203 Pyrrhi
877 1149 1021 1190 diremi
1058 1155 1105 1189 ut
1139 1154 1186 1190 tu
1219 1163 1410 1189 amorum
1442 1147 1779 1202 turpissimorum

182 1216 368 1271 quotidie
408 1217 578 1256 foedera
617 1215 789 1255 ferires?
839 1215 931 1254 ideo
972 1228 1124 1269 aquam
1163 1213 1318 1254 adduxi
1359 1218 1407 1254 ut
1447 1227 1495 1253 ea
1534 1218 1581 1254 tu
1620 1212 1779 1254 inceste

223 1330 320 1360 Orelli
336 1330 421 1368 gives
437 1330 491 1358 the
507 1329 651 1368 pedigree
667 1328 788 1358 thus—
996 1327 1094 1362 h00d;
1118 1337 1152 1356 as
1167 1327 1296 1356 Weiske
1312 1326 1451 1365 explains
1461 1326 1551 1356 it.—‘
1561 1327 1681 1360 Quinta
1695 1327 1748 1356 illa
1759 1319 1779 1356 ι’

224 1373 347 1412 Appius
379 1372 529 1401 Claudius
555 1372 674 1402 Caecus
710 1371 783 1401 Cos.
813 1371 874 1406 447
898 1369 959 1400 and
1003 1370 1059 1400 the
1084 1374 1169 1409 story
1186 1370 1221 1399 of
1241 1370 1304 1399 this
1331 1379 1452 1399 woman
1483 1369 1553 1399 who
1584 1370 1700 1409 proved
1723 1371 1781 1400 her

269 1417 331 1445 458
355 1415 501 1444 Tritavus
1004 1413 1140 1452 chastity
1155 1413 1181 1442 is
1202 1413 1267 1442 told
1285 1413 1317 1442 in
1340 1413 1395 1442 the
1413 1412 1461 1442 De
1481 1413 1618 1452 Harusp.
1638 1414 1733 1453 Resp.
1752 1424 1778 1443 c.

226 1459 261 1488 P.
280 1458 333 1498 (al.
351 1458 449 1498 App.)
479 1457 627 1487 Claudius
649 1457 782 1486 Pulcher
807 1456 880 1486 Cos.
898 1457 960 1486 505
1009 1457 1112 1486 13.-6
1127 1456 1263 1485 Vestalis
1294 1455 1424 1486 Claudia
1438 1455 1457 1485 :'
1495 1456 1562 1485 said
1592 1459 1626 1485 to
1663 1456 1702 1485 be
1724 1456 1780 1486 the

269 1502 391 1531 Atavus
1006 1499 1160 1537 daughter
1176 1499 1211 1528 of
1231 1499 1314 1538 App.
1338 1498 1487 1528 Claudius
1504 1498 1647 1535 Pulcher,
1671 1500 1780 1529 consul

225 1544 307 1583 App.
327 1543 475 1573 Claudius
492 1543 626 1572 Pulcher
650 1542 723 1572 Cos.
748 1544 809 1573 542
834 1541 962 1571 Abavus
1008 1551 1071 1571 B.c.
1101 1543 1171 1572 143.
1219 1541 1388 1571 Suetonius
1417 1541 1501 1580 (Tib.
1519 1551 1545 1571 c.
1566 1542 1600 1581 2)
1623 1552 1692 1581 says
1724 1542 1780 1572 she

227 1587 263 1617 C.
283 1587 433 1617 Claudius
452 1586 586 1616 Pulcher
610 1586 682 1616 Cos.
701 1587 762 1620 577
789 1585 927 1614 Proavus
1006 1595 1069 1614 was
1086 1584 1140 1614 the
1157 1584 1248 1613 sister
1273 1584 1309 1613 of
1332 1584 1386 1613 the
1413 1585 1533 1618 consul,
1560 1584 1619 1614 but
1634 1585 1778 1615 Valerius

227 1630 263 1660 C.
281 1630 432 1660 Claudius
458 1629 592 1659 Pulcher
615 1629 771 1659 Lentulus
795 1628 868 1658 Cos.
895 1628 957 1657 624
1003 1627 1164 1656 Maximus
1183 1627 1225 1665 (V.
1243 1629 1274 1661 4,
1292 1626 1326 1666 6)
1343 1637 1450 1665 agrees
1466 1627 1540 1656 with
1560 1628 1681 1658 Cicero.

269 1675 356 1703 Avus
1041 1679 1154 1708 pacem
1171 1669 1313 1708 Pyrrhi]
1343 1673 1362 1685 ¹‘
1376 1670 1425 1699 Ad
1436 1670 1520 1708 App.
1536 1670 1659 1700 Claudii
1673 1681 1778 1700 senec-

226 1716 311 1755 App.
330 1715 480 1745 Claudius
506 1714 639 1744 Pulcher
671 1714 745 1744 Cos.
771 1714 834 1749 675
865 1713 959 1743 Pater
1002 1715 1103 1742 tutem
1134 1712 1301 1742 accedebat
1330 1713 1423 1741 etiam
1463 1720 1498 1742 ut
1536 1723 1645 1743 caecus
1676 1717 1778 1749 esset;

273 1759 413 1788 Clodiae.
1002 1759 1107 1785 tamen
1124 1755 1160 1791 is,
1177 1765 1273 1794 quum
1292 1756 1447 1784 sententia
1464 1756 1597 1785 Senatus
1614 1757 1779 1786 inclinaret

225 1817 329 1848 There
345 1827 476 1856 appears
487 1820 520 1846 to
536 1816 575 1846 be
587 1826 628 1845 no
639 1816 729 1845 Other
738 1818 869 1855 patruus
880 1815 956 1845 than
1001 1798 1039 1827 ad
1057 1808 1164 1837 pacem
1182 1808 1252 1827 curn
1272 1798 1391 1837 Pyrrho
1401 1798 1573 1838 foedusque
1586 1799 1775 1835 faciendum,

186 1860 222 1891 C.
241 1860 390 1890 Claudius
408 1860 541 1889 Pulcher
557 1859 628 1889 Cos.
646 1860 719 1894 662,
732 1860 800 1888 who
816 1859 842 1888 is
858 1859 956 1888 called
1001 1850 1066 1870 non
1082 1841 1237 1870 dabitavit
1253 1841 1355 1889 dicere
1370 1841 1424 1870 illa
1447 1851 1527 1881 quae
1543 1842 1683 1872 verSibus
1706 1853 1776 1882 Per·

184 1904 239 1933 the
267 1909 395 1941 patruus
426 1902 462 1932 of
482 1903 536 1931 the
559 1902 685 1931 tribune
712 1902 744 1931 P.
763 1901 891 1932 Clodius
920 1902 954 1931 in
1000 1889 1124 1913 gemtus
1140 1888 1188 1913 ΘΜ
1204 1884 1347 1914 Eamus:

185 1947 240 1976 the
257 1947 305 1975 De
325 1946 459 1985 Harusp.
479 1945 574 1984 Resp·
592 1955 618 1974 c·
639 1946 687 1974 12-
1045 1954 1052 1969 ⁴
1068 1952 1139 1984 Quo
1158 1951 1245 1982 vobis
1266 1955 1397 1988 mentes,
1414 1955 1517 1982 rectae
1533 1963 1613 1992 quae
1629 1956 1712 1984 stare
1728 1963 1779 1984 so-

227 2005 350 2044 Appius
364 2004 513 2034 Claudius
525 2003 658 2033 Pulcher
670 2002 743 2033 Cos.
755 2005 817 2033 542
828 2002 956 2033 Abavus
1088 1994 1196 2024 lebant

271 2048 398 2077 Clodiae
1044 2036 1199 2074 Antehac,
1217 2037 1378 2067 dementes
1395 2048 1462 2068 sese
1478 2039 1592 2068 flexere
1607 2039 1667 2068 viai
1678 2039 1701 2069 ?'

227 2091 310 2130 App·
343 2090 493 2120 Clandius
531 2089 666 2119 PUICher
696 2089 769 2119 ρος·
804 2089 866 2119 569
899 2088 957 2118 Pa'
1002 2104 1197 2144 Caeteraque
1219 2105 1415 2144 gravissime:
1441 2108 1552 2135 notum
1575 2107 1660 2136 enim
1689 2106 1779 2137 vobis

227 2132 628 2216 2253531333332‘335233.
652 2174 724 2204 ρος.
742 2174 802 2204 611
1001 2158 1134 2220 gssgssggzz
1153 2152 1226 2230 ‘2332
1243 2152 1423 2230 5552?ssss
1452 2149 1550 2188 ipsius
1574 2149 1670 2189 Appii
1693 2153 1779 2180 extat·

228 2219 264 2250 C·
283 2219 432 2249 Clandius
450 2218 582 2248 pnl⁰l¹er
605 2218 677 2247 COS‘
695 2218 757 2248 662
1044 2233 1182 2264 Cicero’s
1199 2234 1363 2264 antithesis
1380 2234 1521 2264 between
1537 2235 1592 2264 the
1619 2237 1699 2274 ‘pax
1714 2235 1721 2249 '
1746 2234 1782 2265 of

227 2278 740 2352 AppiusrclaudiusPulcsserCos.
754 2303 816 2333 542
827 2301 955 2332 Abavus
1000 2277 1286 2349 {ssffluffi‘gffthe
1309 2277 1474 2307 ‘foedera'
1491 2277 1528 2307 ⁰f
1551 2278 1660 2308 0¹⁰di³
1680 2278 1706 2307 ³³
1721 2281 1779 2308 ‘¹⁰¹⁵

228 2346 431 2420 C.(Cl]aiii?li3us
449 2388 582 2417 Pulcher
606 2389 678 2419 Cos.
697 2389 758 2424 577
785 2388 924 2418 Proavus
1001 2362 1174 2435 Clggggn]
1202 2363 1270 2392 The
1295 2362 1453 2402 aquedmt
1479 2362 1577 2392 called
1603 2363 1658 2392 the
1684 2363 1778 2403 Aqua

229 2432 265 2463 C.
283 2432 432 2462 Claudius
458 2431 591 2461 Pulcher
616 2431 770 2461 Lentulus
793 2431 867 2461 COS.
892 2432 956 2461 624

1212 2408 1231 2422 “
1250 2406 1354 2444 Appia
1403 2404 1511 2444 (aqua)
1565 2405 1612 2435 M.
1651 2405 1777 2436 Valerio

269 2475 356 2505 Avus
1001 2448 1144 2497 Maximo
1159 2448 1205 2497 ·P.
1224 2448 1321 2478 Decio
1349 2447 1601 2496 .]”.1¹}‘0¹¹²².(.3⁰S³·
1627 2458 1710 2478 anno
1734 2459 1777 2478 xx

741 2518 803 2552 0⁷5
1001 2533 1641 2572 0

226 2578 304 2608 This
320 2577 355 2607 C.
374 2575 523 2606 Claudius
535 2576 605 2605 Cos.
618 2576 680 2605 662
693 2586 754 2605 was
765 2576 819 2605 the
837 2579 843 2591 ⁴
857 2584 957 2614 nepos
1003 2576 1103 2606 Caeco
1116 2575 1175 2605 fuit
1198 2586 1382 2614 cognomen,
1400 2576 1453 2615 qui
1477 2579 1508 2605 et
1524 2576 1615 2605 Viam
1640 2577 1776 2616 Appiam

183 2621 286 2662 patrui
302 2620 424 2657 majoris
442 2617 598 2654 Clodiae&
615 2618 675 2647 and
686 2628 718 2647 as
735 2619 822 2647 there
839 2628 899 2647 was
915 2628 956 2647 no
1001 2629 1019 2648 a
1045 2622 1136 2658 porta
1163 2619 1289 2658 Capena
1315 2629 1414 2658 usqne
1437 2619 1475 2648 ad
1499 2619 1610 2648 urbem
1635 2618 1776 2658 Capuam

183 2674 276 2694 name
300 2664 348 2692 for
370 2663 433 2691 this
458 2661 567 2699 degree
583 2661 618 2690 of
640 2661 889 2700 consanguinity,
914 2661 953 2690 he
998 2662 1198 2691 muniendam
1212 2661 1366 2691 curavit.'’
1392 2661 1572 2698 Frontinus,
1587 2661 1636 2691 De
1650 2662 1775 2701 Aquae-

181 2709 208 2739 is
224 2706 320 2737 called
337 2706 393 2735 her
417 2708 424 2721 ⁴
436 2703 588 2742 patruus.’
999 2704 1155 2738 ductibus,
1176 2704 1246 2733 Lib.
1264 2704 1284 2733 i.

227 2750 318 2779 modo
336 2748 381 2787 le]
412 2747 478 2776 Her
493 2746 646 2781 husband,
666 2746 704 2778 Q.
720 2745 871 2775 Caecilius
887 2746 956 2775 Me·
1045 2747 1155 2776 Clodia
1170 2747 1246 2776 used
1262 2747 1316 2776 the
1332 2749 1427 2776 water
1443 2746 1544 2776 which
1559 2747 1617 2775 her
1631 2749 1775 2776 ancestor

184 2793 278 2824 tellus
306 2792 406 2827 Celer,
432 2790 501 2819 who
530 2799 591 2818 was
616 2794 739 2827 praetor
764 2798 827 2817 B.c.
854 2790 906 2822 63,
923 2789 955 2817 in
1000 2789 1137 2827 brought
1154 2794 1186 2818 to
1206 2790 1316 2823 Rome,
1335 2789 1392 2819 but
1408 2790 1463 2818 she
1478 2789 1554 2818 used
1569 2789 1595 2817 it
1612 2791 1619 2805 ‘
1633 2788 1773 2823 inceste,'

184 2835 321 2868 Cicero's
334 2832 591 2871 consulship,and
605 2831 712 2861 diedin
722 2840 784 2860 3.c.
799 2831 954 2861 59.—‘si-
999 2832 1052 2861 the
1070 2832 1216 2871 meaning
1226 2832 1262 2861 of
1274 2833 1375 2861 which
1386 2842 1456 2870 may
1473 2831 1569 2870 easily
1581 2831 1620 2860 be
1629 2832 1774 2869 guessed.

182 2880 249 2909 mul
261 2889 296 2908 ac
306 2877 415 2918 pedem
427 2874 560 2905 limine:’
574 2884 607 2904 as
619 2884 734 2904 soonas
747 2874 786 2902 he
798 2873 953 2912 appeared
998 2874 1163 2903 Casaubon
1189 2875 1245 2904 has
1267 2884 1285 2904 a
1311 2879 1386 2905 note
1411 2884 1452 2904 on
1479 2874 1533 2903 the
1559 2877 1674 2904 matter
1698 2874 1774 2915 (Ep.

183 2923 216 2953 in
232 2923 285 2952 the
300 2922 415 2956 forum,
431 2919 512 2950 from
527 2918 575 2948 his
590 2917 714 2947 earliest
736 2926 792 2955 age
808 2916 842 2945 of
863 2925 951 2945 man·
995 2916 1033 2946 ad
1049 2917 1117 2946 Att.
1133 2917 1154 2946 i.
1174 2916 1239 2957 16).
