1816 3211
135 194 219 234 338
470 192 650 233 ORAT.
683 192 802 233 PRO
836 192 885 233 T.
920 190 1115 232 ANNIO
1151 191 1394 233 MILONE

136 321 219 348 non
241 295 454 347 derivandi
477 305 659 347 criminis
681 319 840 355 caussa,
865 305 939 345 sed
961 308 1008 345 ut
1028 304 1186 346 factum
1218 310 1476 361 est—neque
1499 306 1731 362 imperante

137 386 270 427 neque
292 371 450 413 sciento-
473 386 605 426 neque
628 375 847 425 praesente
870 370 1048 417 domino,
1072 371 1182 425 quod
1209 385 1308 411 suos
1330 372 1503 426 quisque
1526 387 1668 413 servos
1690 373 1731 412 in

137 437 210 478 tali
244 452 287 478 re
319 438 455 477 facere
488 436 701 476 voluisset.
764 434 851 474 XI.
886 434 1018 485 Haec,
1053 436 1164 476 sicut
1186 436 1371 490 exposui,
1395 436 1455 477 ita
1475 445 1595 491 gesta
1617 442 1728 487 sunt,

133 502 323 557 judices:
358 501 577 541 insidiator
608 508 832 554 superatus
863 504 941 549 est,
977 500 1014 540 vi
1046 501 1159 541 victa
1188 500 1259 550 vis,
1290 501 1353 541 vel
1374 502 1513 556 potius
1535 518 1732 557 oppressa

136 567 291 608 virtute
312 566 488 606 audacia
510 571 588 606 est.
652 565 766 605 Nihil
789 565 881 605 dico
905 564 1003 620 quid
1026 580 1092 606 res
1114 565 1280 621 publica
1303 571 1528 607 consecuta
1544 568 1610 616 sit,
1631 567 1732 607 nihil

137 632 235 686 quid
257 646 340 678 vos,
365 630 464 670 nihil
487 630 585 685 quid
609 644 753 670 omnes
773 630 897 676 boni,
922 630 1023 671 nihil
1045 645 1144 671 sane
1167 631 1207 671 id
1229 631 1363 686 prosit
1388 631 1550 679 Miloni,
1567 632 1636 686 qui
1653 632 1730 672 hoc

134 698 221 737 fato
242 702 367 737 natus
389 700 453 736 est
474 704 522 736 ut
544 711 594 736 ne
616 711 660 736 se
682 695 849 750 quidem
879 710 1044 736 servare
1073 696 1258 751 potuerit
1288 696 1386 751 quin
1413 711 1497 736 una
1518 711 1606 737 rem
1627 697 1732 751 pub-

130 762 253 803 licam
274 776 428 816 vosque
449 765 647 802 servaret.
711 760 756 801 Si
777 760 819 800 id
835 761 930 814 jure
951 761 1040 802 fieri
1062 775 1146 802 non
1167 761 1320 816 potuit,
1339 761 1440 801 nihil
1462 761 1595 802 habeo
1618 761 1730 816 quod

137 828 367 868 defendam.
432 826 506 867 Sin
536 826 615 867 hoc
648 830 691 867 et
721 825 830 867 ratio
864 825 1014 875 doctis,
1038 831 1081 868 et
1103 827 1332 868 necessitas
1353 826 1555 877 barbaris,
1577 831 1620 867 et
1640 841 1731 867 mos

135 893 344 949 gentibus,
370 897 414 933 et
434 892 533 932 feris
553 891 698 946 [etiam
721 891 890 944 belluis]
910 897 1064 932 natura
1086 892 1177 946 ipsa
1198 891 1481 947 praescripsit,
1499 896 1547 933 ut
1569 906 1732 932 omnem

135 973 299 1013 semper
320 958 401 998 vim
424 971 684 1012 quacumque
707 971 784 1010 ope
806 961 979 1010 possent
999 971 1024 996 a
1047 971 1234 1011 corpore,
1265 972 1290 997 a
1322 957 1470 1011 capite,
1501 972 1525 997 a
1549 958 1636 997 vita
1656 971 1732 997 sua

135 1024 441 1079 propulsarent,
479 1037 563 1063 non
599 1021 779 1076 potestis
814 1021 893 1061 hoc
928 1020 1087 1062 facinus
1124 1022 1359 1076 improbum
1390 1021 1592 1075 judicare,
1631 1021 1730 1076 quin

136 1088 256 1129 simul
273 1087 474 1142 judicetis
497 1086 700 1135 omnibus,
726 1085 795 1140 qui
817 1085 857 1125 iu
881 1086 1067 1126 latrones
1097 1085 1332 1135 inciderint,
1357 1092 1431 1127 aut
1452 1086 1614 1126 illorum
1636 1086 1731 1126 telis

136 1159 211 1194 aut
232 1153 382 1194 vestris
403 1151 625 1193 sententiis
654 1165 745 1191 esse
775 1151 1048 1204 pereundum.
1112 1150 1233 1201 Quod
1255 1151 1289 1191 si
1311 1151 1371 1191 ita
1390 1156 1594 1204 putasset,
1618 1155 1731 1191 certe

136 1218 360 1274 optabilius
396 1217 544 1257 Miloni
576 1216 657 1256 fuit
690 1216 789 1255 dare
812 1214 1006 1268 jugulum
1039 1215 1088 1256 P.
1124 1215 1282 1264 Clodio,
1313 1230 1397 1254 non
1428 1215 1556 1255 semel
1583 1216 1635 1255 ab
1663 1215 1731 1255 illo

134 1300 269 1339 neque
285 1290 375 1325 tum
393 1283 572 1338 primum
589 1280 782 1336 petitum,
804 1294 928 1334 quam
946 1279 1128 1334 jugulari
1145 1295 1170 1320 a
1187 1279 1317 1330 vobis,
1335 1279 1432 1334 quia
1448 1294 1491 1320 se
1508 1294 1591 1320 non
1608 1280 1731 1334 jugu-

136 1350 306 1390 landum
337 1348 394 1388 illi
425 1346 684 1388 tradidisset.
739 1344 813 1385 Sin
835 1345 914 1385 hoc
937 1359 1058 1385 nemo
1080 1350 1266 1386 vestrum
1287 1345 1348 1386 ita
1369 1345 1509 1395 sentit,
1535 1359 1617 1385 non
1633 1345 1733 1385 illud

130 1415 219 1470 jam
251 1414 291 1454 in
308 1412 515 1468 judicium
536 1411 661 1461 venit,
686 1410 903 1451 occisusne
926 1409 993 1460 sit,
1019 1411 1129 1465 quod
1152 1410 1347 1460 fatemur,
1373 1410 1447 1450 sed
1464 1410 1558 1464 jure
1588 1425 1642 1450 an
1672 1410 1732 1450 in-

130 1480 254 1536 juria,
279 1479 390 1534 quod
411 1477 554 1518 multis
588 1477 630 1517 in
659 1475 820 1517 caussis
844 1474 970 1530 [jam]
994 1490 1118 1530 saepe
1150 1474 1386 1530 quaesitum
1413 1481 1492 1516 est.
1556 1474 1733 1516 Insidias

134 1547 272 1587 factas
293 1559 384 1585 esse
406 1547 585 1592 constat,
617 1546 661 1582 et
694 1540 736 1581 id
767 1545 844 1590 est,
878 1541 990 1595 quod
1022 1545 1194 1581 senatus
1226 1544 1374 1580 contra
1404 1554 1491 1580 rem
1524 1539 1733 1594 publicam

134 1612 295 1652 factum
312 1608 542 1665 judicavit:
578 1608 631 1647 ab
653 1611 748 1647 utro
780 1606 918 1646 factae
940 1605 1025 1647 sint
1046 1606 1253 1646 incertum
1276 1610 1354 1645 est.
1416 1604 1483 1645 De
1505 1605 1583 1645 hoc
1604 1604 1734 1660 igitur

135 1677 269 1718 latum
291 1680 356 1716 est
377 1679 425 1715 ut
446 1676 732 1728 quaereretur.
796 1671 866 1712 Ita
887 1675 930 1711 et
950 1675 1123 1712 senatus
1144 1685 1243 1721 rem,
1264 1685 1347 1710 non
1368 1670 1591 1719 hominem,
1613 1675 1733 1710 nota-

135 1742 208 1792 vit,
239 1745 282 1782 et
315 1739 542 1793 Pompeius
574 1738 624 1777 de
651 1737 757 1790 jure,
791 1750 873 1775 non
904 1736 955 1775 de
986 1735 1101 1776 facto
1133 1734 1420 1790 quaestionem
1447 1734 1554 1776 tulit.
1616 1732 1731 1773 XII.

139 1804 355 1859 Numquid
391 1803 521 1857 igitur
554 1801 668 1842 aliud
704 1801 743 1840 in
776 1799 982 1853 judicium
1018 1799 1145 1848 venit,
1188 1798 1268 1838 nisi
1303 1803 1398 1838 uter
1438 1798 1522 1839 utri
1562 1797 1732 1839 insidias

137 1871 311 1912 fecerit?
374 1869 575 1908 Profecto
598 1865 723 1907 nihil:
762 1865 806 1905 Si
836 1865 903 1905 hic
924 1864 994 1916 illi,
1018 1870 1067 1905 ut
1097 1879 1148 1904 ne
1170 1864 1226 1905 sit
1247 1863 1440 1919 impune;
1475 1865 1510 1905 si
1531 1864 1597 1905 ille
1622 1864 1730 1915 huic,

136 1941 187 1978 ut
208 1949 284 1975 nos
306 1933 459 1974 scelere
481 1932 701 1972 solvamur.

194 2001 385 2053 Quonam
407 1997 533 2053 igitur
561 2000 685 2051 pacto
710 1994 878 2050 probari
906 1998 1047 2050 potest
1077 1993 1249 2034 insidias
1287 1993 1438 2034 Miloni
1470 1992 1618 2034 fecisse
1641 1992 1733 2034 Olo-

565 2113 741 2147 Quintilian
766 2123 835 2152 says
862 2112 916 2152 (iv.
963 2112 1080 2142 certain
1108 2112 1195 2148 facts,
1224 2111 1286 2141 and
1311 2111 1385 2141 here
1411 2111 1465 2140 the
1495 2110 1677 2140 conclusion
1706 2110 1733 2141 is

962 2159 994 2185 to
1019 2155 1059 2185 be
1082 2155 1225 2184 whether
1248 2155 1329 2184 Milo
1354 2165 1390 2184 or
1414 2154 1544 2184 Clodius
1567 2153 1690 2183 formed
1715 2164 1734 2183 a

141 2118 209 2148 sion
238 2119 245 2134 ‘
258 2116 337 2146 servi
363 2114 518 2145 Milonis.’

143 2163 174 2191 2.
194 2161 281 2199 121),
299 2159 382 2189 “Ne
407 2158 563 2188 sententia
587 2157 714 2196 quidem
735 2157 822 2185 velut
846 2156 917 2185 fati-

143 2207 251 2243 gatum
275 2202 453 2232 intentione
483 2201 679 2231 stomachum
702 2199 816 2238 judicis
845 2199 916 2228 refi-

145 2256 214 2277 cere
248 2245 458 2281 dissuaserim,
494 2244 631 2273 maxime
665 2243 791 2282 quidem
829 2241 917 2271 brevi

145 2289 318 2327 interjecta,
350 2288 449 2327 qualis
479 2290 528 2317 est
556 2287 619 2323 illa,
651 2286 807 2315 Fecerunt
837 2285 917 2314 servi

145 2332 276 2362 Milonis
301 2354 308 2361 .
334 2353 342 2360 .
365 2329 548 2361 voluisset.’'

192 2376 241 2405 ll.
269 2375 381 2411 [etiam
407 2373 554 2412 belluis]]

147 2416 294 2458 (Baiter.)

194 2459 294 2498 [jam]
314 2460 421 2498 saepe]
441 2459 483 2495 T;
501 2461 508 2475 ⁴
522 2457 628 2497 saepe'
646 2458 681 2487 P.
699 2457 757 2494 E.;
775 2455 870 2496 ‘jam’
885 2456 916 2486 S.

189 2503 448 2539 Insidiassactas
464 2511 528 2532 esse
544 2501 682 2540 constat]
715 2500 756 2530 So
771 2500 812 2529 he
828 2509 915 2538 says3

146 2545 206 2575 but
228 2555 261 2574 as
285 2545 332 2573 far
355 2555 388 2573 as
404 2555 449 2574 we
474 2555 531 2574 can
556 2545 653 2579 learn,
675 2544 699 2573 it
723 2553 824 2573 seems
848 2542 919 2572 that

145 2588 201 2618 the
227 2588 364 2625 meeting
390 2598 451 2617 was
480 2587 661 2617 accidental.
709 2586 761 2615 He
791 2589 865 2625 puts
894 2585 919 2614 it

146 2631 241 2666 thus;
265 2630 366 2659 either
389 2630 517 2659 Clodius
542 2630 603 2659 had
624 2629 746 2660 formed
770 2639 788 2658 a
811 2628 919 2667 design

146 2674 268 2713 against
283 2672 374 2707 Milo,
390 2682 424 2701 or
440 2673 520 2702 Milo
536 2674 658 2711 against
673 2672 812 2702 Clodius.

195 2717 242 2746 12.
273 2716 415 2751 Quonam
445 2716 560 2754 iyitur]
612 2716 696 2745 Here
730 2715 785 2744 the
815 2716 920 2744 orator

147 2759 258 2798 begins
274 2758 322 2787 his
338 2759 600 2795 argumentation,
617 2757 718 2787 which
739 2757 765 2787 is
780 2756 919 2786 founded

149 2812 191 2832 on
222 2801 384 2831 notorious
414 2800 502 2829 facts.
549 2801 645 2830 Halm
675 2799 772 2830 refers
802 2804 834 2829 to
865 2799 920 2829 the

148 2843 270 2876 Auctor
293 2843 332 2873 ad
355 2842 550 2872 Herennium
579 2844 624 2881 (ii.
653 2842 698 2883 2).
744 2843 823 2872 This
849 2842 875 2872 is
901 2852 919 2871 a

151 2890 282 2918 ‘caussa
311 2885 550 2924 conjecturalis,’
580 2895 638 2915 one
674 2887 707 2915 in
741 2885 842 2915 which
873 2894 918 2914 we

151 2934 236 2961 must
261 2931 399 2968 attempt
424 2931 457 2958 to
484 2928 568 2957 draw
592 2938 610 2957 a
633 2927 812 2958 conclusion
836 2927 917 2958 from

606 2372 662 2401 ⁶1³.
679 2382 742 2402 om.
759 2371 798 2401 T.
815 2370 853 2400 E.
872 2370 916 2401 S!

961 2198 1069 2237 design
1095 2202 1127 2227 to
1152 2198 1348 2233 assassinate,
1373 2197 1421 2226 for
1444 2197 1484 2226 he
1508 2197 1564 2226 has
1588 2196 1733 2226 assumed

960 2241 1030 2271 that
1045 2241 1146 2270 either
1166 2251 1227 2270 one
1250 2250 1286 2270 or
1307 2241 1362 2270 the
1385 2240 1475 2270 other
1499 2239 1562 2269 did.
1610 2240 1662 2269 He
1676 2239 1733 2269 has

961 2284 1018 2314 left
1042 2287 1098 2314 out
1120 2284 1174 2313 the
1195 2283 1332 2323 possible
1355 2293 1424 2312 case
1445 2283 1515 2312 that
1540 2282 1617 2312 both
1633 2283 1734 2321 might

963 2327 1001 2357 be
1023 2327 1133 2367 guilty,
1162 2326 1234 2362 and,
1258 2336 1291 2355 as
1320 2326 1335 2355 1
1366 2326 1445 2355 have
1474 2325 1650 2361 remarked,
1679 2325 1734 2355 the

962 2370 1099 2410 possible
1126 2379 1196 2399 case
1222 2369 1293 2398 that
1316 2368 1440 2398 neither
1462 2378 1524 2398 was
1546 2368 1647 2407 guilty
1663 2368 1697 2398 of
1715 2379 1735 2397 a

963 2413 1072 2452 dcsign
1098 2415 1131 2442 to
1158 2412 1223 2442 kill.
1269 2412 1337 2441 The
1363 2411 1493 2447 Auctor,
1522 2411 1673 2450 speaking
1702 2411 1738 2440 of

962 2456 1025 2485 this
1050 2459 1119 2495 part
1143 2455 1177 2484 of
1200 2465 1240 2484 an
1263 2455 1384 2484 oration
1407 2458 1440 2484 at
1462 2454 1564 2483 which
1586 2463 1632 2483 we
1655 2454 1734 2483 have

963 2498 1092 2534 arrived,
1117 2508 1198 2538 says,
1231 2498 1369 2536 “Hujus
1396 2497 1631 2527 constitutionis
1653 2496 1734 2526 ratio

962 2542 995 2571 in
1011 2551 1063 2571 sex
1081 2545 1184 2580 partes
1207 2544 1255 2571 est
1274 2540 1458 2570 distributa:
1483 2539 1653 2579 probabile,
1671 2539 1734 2569 col-

962 2584 1123 2621 lationem,
1154 2585 1289 2623 signum,
1320 2587 1551 2622 argumentum,
1584 2592 1733 2612 consecu-

962 2628 1093 2663 tionem,
1110 2625 1593 2666 approbationem.-—Probabile
1615 2629 1663 2655 est
1679 2634 1735 2663 per

963 2670 1046 2710 quod
1064 2670 1215 2709 probatur
1230 2669 1391 2709 expedisse
1414 2678 1467 2698 reo
1490 2677 1618 2708 peccare
1641 2670 1673 2696 et
1694 2667 1733 2696 ab

963 2713 1056 2743 simili
1078 2713 1275 2752 turpitudine
1298 2712 1458 2741 hominem
1482 2720 1654 2749 numquam
1678 2709 1733 2738 ab·

962 2756 1068 2785 fuisse.
1101 2756 1139 2785 Id
1152 2756 1299 2785 dividitur
1310 2755 1342 2784 in
1355 2764 1495 2784 caussam
1509 2753 1584 2782 etin
1600 2751 1732 2782 vitam.'’

963 2799 1039 2829 This
1064 2802 1145 2838 part,
1162 2799 1217 2829 the
1242 2802 1249 2815 ⁴
1263 2797 1424 2837 probabile
1447 2806 1484 2826 ex
1508 2804 1616 2825 caussa
1640 2798 1672 2824 et
1695 2804 1731 2824 ex

963 2841 1048 2878 vita,’
1066 2842 1197 2871 extends
1222 2844 1255 2871 to
1277 2841 1332 2871 the
1348 2840 1449 2870 words
1471 2840 1546 2868 ‘aut
1570 2848 1627 2877 per
1649 2837 1734 2876 leges

963 2884 1090 2922 liceret,’
1108 2895 1134 2914 c.
1154 2885 1203 2914 16.
