1816 3211
735 185 867 227 OAP.
901 188 965 237 21,
993 188 1059 227 22.
1600 190 1678 229 501

83 299 283 341 hibuisti3
303 314 436 355 neque
464 299 544 355 [id]
569 299 707 350 semel,
732 300 807 341 sed
828 300 1020 355 saepius;
1047 315 1180 356 neque
1201 305 1250 341 tu
1271 305 1413 342 tecum
1435 301 1487 341 de
1508 306 1681 342 senatus

82 365 335 406 auctoritate
356 366 425 420 agi
456 362 604 420 passus
625 380 681 406 es.
745 365 854 417 Quid
887 370 1027 406 autem
1053 367 1258 421 agebatur
1284 366 1362 407 nisi
1397 381 1448 406 ne
1479 366 1607 406 deleri
1638 372 1682 407 et

81 431 211 471 everti
232 445 319 470 rem
341 431 549 485 publicam
570 430 757 471 funditus
779 430 916 481 velles,
949 446 1076 486 quum
1110 440 1152 472 te
1186 446 1321 486 neque
1354 431 1563 486 principes
1585 431 1681 471 civi-

81 496 183 537 tatis
204 497 401 550 rogando,
421 510 554 550 neque
577 497 758 550 majores
779 501 881 537 natu
903 497 1121 547 monendo,
1141 511 1273 551 neque
1295 498 1489 551 frequens
1510 503 1681 537 senatus

81 561 257 616 agendo,
280 562 330 602 de
353 561 521 601 vendita
548 566 674 615 atque
705 561 875 602 addicta
902 562 1114 603 sententia
1147 576 1313 602 movere
1346 561 1514 616 potuit?
1575 561 1681 601 Tum

81 626 181 666 illud
213 626 354 667 multis
389 627 515 666 rebus
551 632 650 666 ante
686 626 864 667 tentatis
900 626 1135 667 necessario
1172 627 1246 668 tibi
1283 627 1431 668 vulnus
1463 626 1679 675 inflictum,

81 692 191 746 quod
212 691 358 746 paucis
379 696 477 731 ante
506 696 561 740 te,
587 705 762 745 quorum
784 691 1003 732 incolumis
1031 692 1110 733 fuit
1130 707 1266 733 nemo.
1328 692 1436 733 Tum
1459 697 1606 733 eontra
1636 696 1680 732 te

81 757 197 797 dedit
235 771 353 797 arma
393 755 460 796 hic
501 756 602 796 ordo
637 756 877 797 consulibus
914 757 1165 812 reliquisque
1198 757 1383 811 imperiis
1415 762 1459 798 et
1493 761 1680 812 potesta-

80 822 206 871 tibus,
238 836 342 877 quae
376 835 460 861 non
493 820 723 875 effugisses,
758 820 837 861 nisi
870 827 912 862 te
945 822 998 862 ad
1034 837 1151 863 arma
1187 822 1381 863 Caesaris
1417 821 1678 863 contulisses.

83 887 249 929 XXII.
283 886 360 935 Tu,
394 891 453 936 tu,
491 885 671 941 inquam,
710 886 772 926 M.
810 887 985 938 Antoni,
1023 887 1216 942 princeps
1253 887 1298 928 O.
1335 886 1506 928 Caesari
1542 886 1681 927 omnia

80 952 325 1007 perturbare
347 951 529 1006 cupienti
552 966 742 992 caussam
770 951 865 992 belli
898 960 1047 993 contra
1077 952 1257 1008 patriam
1287 952 1490 993 inferendi
1512 951 1677 992 dedisti.

82 1017 190 1070 Quid
212 1017 321 1058 enim
342 1016 454 1057 aliud
475 1016 541 1057 ille
564 1017 762 1057 dicebat?
793 1031 916 1072 quam
940 1032 1133 1058 caussam
1161 1017 1226 1058 sui
1257 1016 1557 1058 dementissimi
1584 1031 1680 1058 con-

79 1082 159 1123 silii
180 1087 224 1123 et
243 1082 344 1124 facti
365 1082 578 1131 afferebat,
597 1081 676 1122 nisi
697 1082 809 1137 quod
830 1081 1077 1124 intercessio
1099 1083 1304 1138 neglecta,
1323 1083 1395 1137 jus
1410 1082 1680 1124 tribunicium

80 1147 302 1197 sublatum,
328 1147 672 1202 circumscriptus
703 1162 728 1187 a
758 1153 907 1188 senatu
930 1152 1042 1189 esset
1065 1148 1307 1190 Antonius?
1369 1148 1534 1190 Omitto
1556 1163 1680 1203 quam

81 1212 186 1252 haec
206 1211 326 1261 falsa,
348 1226 474 1266 quam
494 1212 613 1263 levia,
637 1212 886 1267 praesertim
908 1228 1034 1268 quum
1056 1214 1222 1254 omnino
1254 1213 1365 1255 nulla
1387 1228 1536 1254 caussa
1562 1214 1680 1267 justa

83 1275 276 1331 cuiquam
303 1290 393 1316 esse
426 1277 561 1331 possit
589 1283 736 1317 contra
763 1277 941 1332 patriam
970 1293 1085 1319 arma
1113 1279 1317 1333 capiendi.
1381 1278 1463 1319 Sed
1496 1279 1596 1318 nihil
1630 1279 1680 1319 de

84 1340 287 1382 Caesare:
321 1341 398 1381 tibi
430 1347 544 1382 certe
575 1341 859 1382 confitendum
891 1347 958 1383 est
991 1357 1181 1384 caussam
1212 1343 1553 1398 perniciosissimi
1585 1343 1679 1384 belli

86 1405 168 1461 [in]
213 1420 391 1460 persona
430 1411 505 1446 tua
542 1406 797 1447 constitisse.
861 1406 896 1447 O
933 1407 1131 1448 miserum
1166 1414 1220 1457 te,
1260 1409 1293 1449 si
1329 1408 1430 1449 haec
1466 1407 1676 1463 intelligis,

82 1471 351 1519 miseriorem,
385 1470 417 1510 si
450 1486 532 1511 non
569 1470 768 1525 intelligis
803 1471 882 1512 hoc
914 1471 1070 1513 litteris
1102 1473 1303 1521 mandari,
1338 1473 1418 1514 hoc
1454 1474 1679 1515 memoriae

83 1536 213 1591 prodi,
237 1535 361 1589 hujus
387 1535 447 1576 rei
478 1551 530 1576 ne
561 1536 853 1591 posteritatem
888 1538 1056 1592 quidem
1084 1539 1268 1579 omnium
1299 1539 1556 1580 saeculorum
1590 1554 1678 1579 um-

83 1615 206 1656 quam
229 1600 512 1641 immemorem
533 1601 633 1652 fore,
660 1602 851 1643 consules
873 1616 926 1642 ex
958 1603 1082 1644 Italia
1104 1619 1302 1645 excussos
1324 1619 1497 1659 cumque
1522 1604 1571 1645 iis
1602 1604 1678 1645 Cn,

84 1665 345 1721 Pompeium,
365 1666 478 1721 quod
499 1666 661 1722 imperii
682 1667 822 1722 populi
845 1667 1024 1708 Romani
1046 1669 1173 1710 decus
1194 1683 1244 1710 ac
1266 1669 1404 1710 lumen
1424 1669 1515 1718 fuit,
1535 1683 1679 1710 omnes

115 1769 273 1806 funditus
291 1771 402 1811 velles]
453 1771 589 1808 ‘Velle,’
617 1782 687 1812 says
712 1772 855 1809 Abrami,

82 1812 110 1842 is
125 1812 180 1842 the
189 1814 278 1843 usual
290 1815 370 1844 word
388 1816 420 1844 in
437 1815 547 1854 LegeS,
561 1815 643 1852 Sota,
656 1816 718 1845 and
733 1816 856 1853 Edicta,

82 1866 116 1886 as
139 1856 172 1885 in
198 1856 380 1887 Macrobius
409 1858 489 1898 (Sat.
517 1859 549 1888 ii.
575 1868 602 1888 c.
625 1862 655 1894 (ἱ,
682 1860 801 1899 quoted
824 1859 857 1889 in

901 1774 1101 1814 scripsisset!
1149 1775 1326 1809 Quintilian
1349 1775 1417 1814 (xii.
1439 1774 1504 1815 10),
1528 1775 1679 1815 speaking

901 1817 935 1848 of
955 1819 1011 1848 the
1034 1819 1158 1857 painter
1182 1818 1375 1854 Parrhasius,
1398 1828 1478 1858 sayS,
1497 1823 1516 1834 ⁴¹
1531 1819 1588 1848 llle
1603 1828 1678 1848 vero

901 1861 944 1891 ita
959 1862 1203 1901 circumscripsit
1223 1862 1329 1891 omnia
1352 1865 1389 1891 ut
1413 1872 1484 1891 eum
1511 1861 1615 1900 legum
1633 1861 1677 1890 la-

83 1898 190 1928 Vatin.
217 1909 244 1929 c.
265 1901 312 1936 15,
341 1900 402 1930 and
428 1901 483 1931 the
509 1906 595 1937 note,
625 1905 643 1918 “
659 1912 698 1932 ne
725 1903 795 1941 quis
825 1902 857 1932 in

83 1951 209 1971 arenam
237 1943 296 1972 nisi
317 1953 447 1982 pomum
473 1945 593 1974 misisse
608 1944 770 1983 vellet”);
796 1946 857 1975 and

85 1984 204 2014 Gellius
234 1984 312 2024 (xiii.
345 1987 395 2026 14)
412 1998 419 2016 :
449 1990 468 2003 ‘⁴
482 1987 533 2017 Ne
560 1988 630 2027 quis
656 1988 858 2027 magistratus

84 2027 187 2056 minor
200 2027 239 2057 de
255 2029 339 2058 caelo
356 2039 494 2060 servasse
510 2030 620 2060 velit.’'

127 2070 264 2110 ayemlo]
295 2071 388 2101 Halm
415 2082 578 2113 compares
606 2073 721 2104 Caesar
749 2073 801 2114 (B.
821 2073 857 2104 C.

84 2112 106 2142 i.
133 2122 159 2142 c.
189 2114 244 2151 2):
271 2114 434 2145 “refertur
455 2116 621 2146 confestim
646 2117 685 2146 de
709 2117 857 2146 interces-

84 2155 173 2186 sione
210 2156 420 2188 tribunorum.
488 2159 647 2189 Dicuntur
684 2159 859 2189 sententiae

84 2198 282 2237 graves.''--‘
296 2201 420 2231 addicta
431 2200 451 2231 :’
476 2212 495 2231 a
511 2202 594 2232 word
622 2203 699 2232 used
726 2203 758 2232 in
785 2212 859 2231 auc-

85 2241 179 2271 tions.
227 2242 285 2272 See
300 2243 371 2273 Vol.
389 2244 420 2274 ii.
445 2244 556 2275 Index.

130 2293 264 2322 quorum
287 2287 470 2327 incolumis]
519 2288 613 2318 None
637 2287 672 2317 of
694 2287 796 2322 those,
821 2286 860 2316 he

87 2335 168 2365 says,
182 2326 243 2356 had
253 2329 384 2367 escaped
395 2330 610 2369 punishment,
622 2330 744 2369 against
757 2331 859 2359 whom

86 2369 119 2398 in
136 2369 228 2399 times
244 2374 315 2408 past
327 2371 382 2401 the
397 2376 504 2402 senate
520 2373 580 2402 had
593 2373 699 2402 armcd
715 2373 769 2402 the
785 2382 860 2401 con-

87 2412 152 2441 suls
165 2412 239 2441 with
255 2412 319 2443 this
336 2423 448 2452 power.
496 2415 534 2445 In
550 2415 613 2445 this
626 2425 696 2445 case
708 2415 762 2444 the
775 2425 858 2443 com-

87 2455 216 2484 mission
234 2465 296 2484 was
320 2455 352 2485 in
377 2466 464 2486 more
487 2459 614 2496 general
640 2462 748 2493 ternis,
767 2460 774 2473 ‘
789 2457 859 2486 reli-

88 2497 221 2537 quisque
247 2498 407 2536 imperiis,’
422 2502 478 2529 ἃς.
505 2500 660 2539 Compare
679 2501 738 2529 Pro
754 2500 859 2529 Deiot.

88 2549 115 2570 c.
133 2542 163 2575 4,
181 2540 242 2569 and
259 2541 314 2570 the
330 2545 413 2571 note.

131 2584 183 2613 2⁴2.
217 2584 497 2623 circumscriplns]
547 2587 554 2601 ¹
569 2584 717 2624 deprived
749 2585 784 2615 of
813 2585 860 2614 1115

87 2635 203 2665 power,
220 2627 357 2656 checked
374 2627 404 2656 in
422 2627 470 2656 1115
486 2628 620 2657 exercise
637 2628 671 2657 of
689 2627 736 2657 it!
783 2628 858 2657 Cae-

88 2678 138 2698 sar
156 2668 208 2708 (13.
227 2670 263 2700 C.
281 2670 300 2698 i.
319 2680 344 2698 c.
363 2670 430 2709 32),
447 2670 477 2698 in
496 2670 543 2699 his
567 2670 678 2709 speech
702 2676 734 2700 at
760 2670 861 2700 Rome

88 2714 122 2741 to
139 2712 192 2741 the
208 2717 315 2742 senate
335 2712 415 2742 after
435 2713 600 2752 Pompeius
618 2713 676 2742 had
692 2713 748 2742 left
766 2714 857 2753 Italy,

89 2758 109 2771 “
125 2754 275 2794 lnjuriain
301 2756 332 2784 in
354 2755 520 2794 eripiendis
544 2756 718 2794 legionibus
741 2757 861 2796 praedi-

90 2800 160 2834 cat;
185 2798 401 2828 crudelitatem
419 2803 449 2827 et
466 2798 662 2828 insolentiam
680 2799 711 2828 in
729 2799 860 2829 circnm-

90 2841 262 2871 scribendis
278 2841 412 2871 tribunis
429 2841 562 2880 plebis.’'
610 2841 673 2871 But
686 2842 800 2872 Caesar
815 2843 860 2872 al-

91 2883 179 2922 leged
196 2894 282 2914 more
298 2884 373 2914 than
386 2884 496 2914 Cicero
513 2884 669 2914 mentions
686 2884 768 2914 here.
805 2886 863 2915 See

92 2925 153 2956 Pro
167 2926 297 2963 Milone,
310 2938 334 2957 c.
350 2929 401 2963 323,
415 2927 475 2957 and
493 2927 546 2956 the
563 2930 637 2958 note
653 2937 693 2957 on
711 2931 718 2944 ‘
730 2927 861 2958 circuni.

901 1907 1002 1934 torem
1028 1908 1150 1940 vocent,
1176 1905 1249 1944 quia
1274 1905 1403 1934 deorum
1428 1909 1524 1944 atque
1547 1905 1677 1934 heroum

901 1947 1018 1986 effigies
1042 1948 1150 1987 quales
1175 1947 1215 1977 ab
1241 1957 1278 1978 eo
1303 1952 1379 1977 sunt
1403 1947 1545 1982 traditae,
1563 1947 1678 1977 caeteri

901 1993 1064 2030 tamquam
1081 1991 1125 2020 ita
1141 2000 1267 2021 necesse
1283 1991 1333 2025 sit,
1351 1990 1562 2030 sequuntur.''

946 2033 1031 2072 quod
1047 2055 1053 2062 .
1073 2055 1080 2062 .
1099 2056 1106 2062 .
1125 2055 1132 2062 .
1150 2034 1260 2073 decus]
1313 2033 1382 2063 The
1412 2034 1540 2063 relative
1571 2042 1678 2072 agrees

902 2076 977 2106 with
995 2079 1002 2092 ‘
1016 2076 1134 2112 decus,’
1152 2075 1209 2106 but
1224 2077 1321 2106 refers
1344 2080 1378 2105 to
1395 2080 1402 2091 ⁴
1418 2076 1603 2115 Pompeium
1616 2074 1635 2112 3’
1659 2085 1678 2105 a

902 2119 992 2148 usual
1031 2118 1124 2148 Latin
1156 2118 1300 2148 form—¹
1319 2128 1430 2148 omnes
1460 2119 1638 2148 consulares
1657 2118 1676 2147 :'

903 2171 954 2190 see
973 2161 1031 2190 Pro
1048 2161 1209 2197 Deiotaro,
1226 2172 1252 2191 c.
1270 2163 1300 2195 4,
1317 2162 1378 2190 and
1402 2161 1456 2190 the
1472 2164 1611 2190 note.-⁴
1622 2170 1676 2190 ex-

904 2204 991 2243 sequi
1018 2203 1169 2233 cladem:’
1197 2204 1259 2233 ‘all
1284 2204 1388 2233 whose
1413 2203 1520 2233 health
1548 2203 1608 2232 had
1632 2203 1676 2233 al-

903 2246 1002 2276 lowed
1034 2246 1121 2276 them
1153 2250 1185 2275 to
1215 2247 1319 2276 follow
1351 2247 1382 2275 in
1414 2246 1484 2276 that
1513 2246 1584 2275 ruin
1614 2246 1676 2275 and

903 2288 1017 2328 ssight)
1063 2292 1071 2304 ⁸
1086 2288 1248 2328 Exsequi,'
1266 2299 1337 2328 says
1353 2288 1495 2325 Abrami,
1517 2289 1542 2318 is
1557 2299 1576 2318 a
1591 2289 1675 2318 word

903 2331 1028 2370 applied
1050 2334 1083 2361 to
1099 2332 1219 2362 funeral
1244 2332 1449 2371 processions,
1467 2336 1474 2348 ⁴
1486 2331 1675 2371 exsequiae)

906 2374 956 2404 He
972 2378 1083 2414 quotes
1105 2374 1233 2404 Cicero:
1259 2379 1278 2391 “
1292 2375 1426 2405 Miseros
1450 2384 1518 2410 nos,
1535 2385 1590 2405 cur
1614 2384 1676 2404 non

903 2426 1014 2447 omnes
1031 2417 1129 2447 fatum
1152 2417 1234 2447 1111115
1249 2418 1387 2447 exsecuti
1413 2427 1522 2447 sumus
1536 2417 1576 2447 ?’'
1626 2418 1676 2448 He

903 2460 968 2490 also
985 2466 1097 2500 quotes
1113 2470 1131 2489 a
1147 2470 1276 2499 passage
1292 2460 1370 2490 from
1389 2460 1527 2490 Cicero's
1544 2461 1675 2490 transla-

903 2503 970 2532 tion
1009 2504 1087 2533 from
1119 2504 1173 2533 the
1204 2503 1416 2543 Cresphontes
1446 2504 1481 2533 of
1508 2504 1676 2543 Euripides

905 2546 1012 2586 (Tusc.
1029 2546 1048 2576 i.
1066 2557 1092 2576 c.
1111 2548 1162 2583 48,
1179 2546 1228 2576 ed.
1245 2546 1359 2586 Orelli)
1373 2558 1379 2575 :

947 2629 1008 2660 τὸν
1036 2627 1053 2659 ὃ
1083 2629 1125 2659 αὖ
1153 2629 1305 2662 Θανόντα
1326 2631 1379 2661 καὶ
1407 2630 1524 2660 πόνων
1545 2641 1676 2660 πεπαυ-

1032 2672 1134 2712 μένον

910 2742 913 2745 .
949 2715 1144 2755 χαίροντας,
1162 2715 1395 2757 εὐφημοῦντας
1420 2714 1602 2756 ἐκπέμπειν
1626 2713 1676 2744 δό-

1033 2770 1116 2799 μων-

917 2842 991 2873 “At
1007 2843 1059 2882 qui
1076 2843 1198 2874 labores
1215 2848 1316 2874 morte
1333 2844 1451 2874 finisset
1471 2852 1590 2882 graves,

951 2885 1046 2916 Hunc
1066 2887 1152 2916 omni
1175 2887 1291 2917 amicos
1316 2886 1407 2917 laude
1433 2890 1463 2916 et
1491 2885 1608 2916 laetitia
1624 2894 1678 2914 ex-

1036 2929 1160 2968 sequi.”
