1816 3211
703 179 837 223 GAP.
868 182 938 232 23,
970 183 1039 222 24.
1588 187 1667 227 261

71 308 154 334 non
189 292 363 348 putarit,
401 293 526 348 hujus
561 293 631 335 illa
663 308 745 335 vox
775 294 974 350 vulgaris,
1017 307 1202 346 Aumv1,
1240 309 1293 337 ne
1323 295 1423 351 quid
1458 296 1671 340 innocenti

69 373 142 399 reo
163 363 314 399 noceat
337 373 519 400 oramus.

129 422 317 465 XXIV.
353 424 436 465 Sed
458 424 577 465 venio
607 425 696 479 jam
718 425 772 465 ad
802 424 851 464 L.
877 424 1069 466 Cassium
1099 425 1344 481 familiarem
1375 440 1525 476 meum,
1551 428 1669 481 cnjus

70 502 122 528 ex
143 488 333 529 oratione
368 504 419 529 ne
455 489 569 529 illum
591 489 759 544 quidem
790 489 1040 531 Juventium
1070 496 1213 532 tecum
1245 492 1520 545 expostulavi,
1545 507 1669 547 quem

68 552 135 593 ille
157 552 268 593 omni
300 558 344 594 et
378 554 535 595 virtute
567 559 611 595 et
644 554 903 596 humanitate
937 560 1111 596 ornatus
1145 556 1390 596 adolescens
1411 557 1593 611 primum
1617 558 1668 598 de

68 617 188 672 plebe
208 618 384 659 aedilem
406 619 592 660 curulem
623 619 780 660 factum
803 634 895 661 esse
918 620 1039 662 dixit.
1104 620 1155 660 In
1178 635 1273 675 quo,
1299 620 1432 671 Cassi,
1456 622 1491 663 si
1513 622 1573 663 ita
1593 623 1672 663 tibi

67 684 354 738 respondeam,
397 684 581 725 nescisse
612 684 654 725 id
685 685 885 740 populum
916 685 1165 735 Romanum,
1195 700 1330 741 neque
1360 687 1489 728 fuisse
1523 688 1593 743 qui
1628 688 1672 728 id

66 748 188 789 nobis
218 754 424 798 narraret,
461 749 710 804 praesertim
743 754 910 790 mortuo
948 749 1106 804 Congo,
1142 765 1238 800 non,
1274 756 1322 791 ut
1359 752 1518 806 opinor,
1542 752 1674 793 admi-

65 828 170 864 rere,
194 829 320 869 quum
341 829 419 869 ego
453 814 541 869 ipse
573 829 657 855 non
678 815 908 856 abhorrens
939 829 964 855 a
993 814 1133 855 studio
1155 815 1422 870 antiquitatis
1443 832 1509 857 me
1531 817 1597 858 hic
1626 817 1669 858 id

67 893 121 919 ex
149 883 193 920 te
225 879 406 934 primum
426 879 593 920 audisse
616 879 832 921 confitear.
909 879 969 921 Et
991 880 1186 935 quoniam
1216 885 1292 921 tua
1321 880 1400 922 fuit
1421 882 1668 937 perelegans

66 958 116 984 ac
136 944 376 999 persubtilis
398 944 545 995 oratio,
571 944 696 999 digna
732 944 887 1000 equitis
916 945 1095 986 Romani
1131 945 1194 986 vel
1224 945 1366 986 studio
1397 946 1459 987 vel
1492 948 1665 1002 pudore,

66 1008 343 1064 quoniamque
375 1009 435 1050 sic
467 1010 519 1049 ab
552 1009 617 1050 his
650 1024 694 1050 es
726 1010 896 1051 auditus
926 1014 974 1050 ut
1005 1024 1182 1064 magnus
1213 1009 1347 1051 honos
1369 1015 1412 1051 et
1434 1011 1601 1067 ingenio
1624 1017 1668 1052 et

65 1074 318 1115 humanitati
353 1078 450 1115 tuae
484 1073 753 1125 tribueretur,
777 1075 1040 1130 respondebo
1073 1075 1126 1114 ad
1159 1089 1208 1115 ea
1241 1089 1346 1130 quae
1375 1076 1534 1125 dixisti,
1558 1092 1666 1132 quae

65 1139 262 1194 pleraque
284 1140 335 1180 de
356 1138 446 1194 ipso
468 1153 534 1180 me
554 1139 750 1187 fuerunt;
786 1139 827 1180 in
849 1140 1000 1195 quibus
1021 1139 1099 1194 ipsi
1121 1139 1266 1190 aculei,
1290 1140 1325 1180 si
1350 1155 1456 1195 quos
1477 1141 1662 1183 habuisti

65 1203 108 1243 in
128 1218 194 1244 me
215 1204 572 1258 reprehendendo,
605 1209 746 1245 tamen
781 1204 881 1244 mihi
917 1219 1000 1245 non
1028 1204 1182 1259 ingrati
1210 1205 1465 1248 acciderunt.
1530 1207 1667 1259 Quae-

66 1267 171 1317 sisti,
193 1273 334 1309 utrum
355 1269 455 1309 mihi
476 1273 667 1322 putarem
698 1269 850 1324 equitis
882 1269 1061 1310 Romani
1093 1270 1178 1310 filio
1204 1270 1433 1311 faciliorem
1460 1271 1588 1312 fuisse
1609 1272 1663 1312 ad

66 1332 361 1387 adipiscendos
388 1333 568 1374 honores
604 1333 714 1374 viam
747 1348 800 1374 an
833 1333 1018 1374 futuram
1052 1349 1143 1375 esse
1175 1335 1260 1376 filio
1292 1350 1399 1385 mee,
1422 1336 1518 1390 quia
1554 1341 1666 1378 esset

66 1398 222 1438 familia
242 1398 461 1439 consulari.
526 1397 620 1453 Ego
641 1413 738 1439 vcro
761 1413 1012 1453 quamquam
1034 1399 1090 1439 illi
1113 1400 1252 1441 onmia
1273 1401 1382 1441 malo
1404 1415 1528 1455 quam
1550 1401 1664 1451 mihi,

67 1468 210 1504 tamen
232 1463 436 1503 honorum
468 1463 609 1504 aditus
631 1478 857 1518 numquam
897 1464 992 1517 [illi]
1028 1465 1236 1506 faciliores
1258 1465 1398 1520 optavi
1421 1480 1544 1520 quam
1565 1466 1668 1507 mihi

65 1528 247 1568 fuerunt.
310 1527 419 1579 Quin
452 1528 594 1578 etiam,
618 1542 669 1568 ne
702 1528 811 1569 forte
846 1529 914 1570 ille
947 1529 1026 1569 sibi
1060 1544 1125 1570 me
1162 1530 1302 1584 potius
1334 1531 1548 1585 peperisse
1575 1532 1666 1586 jam

66 1593 245 1633 honores
272 1607 397 1647 quam
432 1592 514 1634 iter
549 1592 861 1634 demonstrasse
896 1593 1264 1648 adipiscendorum
1300 1601 1435 1649 putet,
1471 1596 1573 1637 haec
1607 1596 1664 1637 illi

64 1658 178 1698 soleo
213 1657 465 1712 praecipere,
490 1672 743 1712 quamquam
774 1658 828 1698 ad
864 1663 1092 1713 praecepta
1123 1665 1242 1700 aetas
1274 1674 1358 1700 nou
1399 1665 1464 1702 est
1504 1661 1657 1716 gravis,

65 1737 172 1778 quae
193 1722 260 1764 ille
280 1737 306 1763 a
326 1721 436 1763 Jove
458 1728 578 1763 ortus
599 1722 686 1763 suis
708 1722 925 1777 praecepit
946 1722 1066 1764 filiis:

64 1825 82 1843 ο
237 1803 510 1859 Vigilandum
531 1807 598 1845 est
617 1818 779 1859 semper
797 1819 805 1844 :
839 1803 996 1845 multae
1016 1803 1193 1846 insidiae
1215 1809 1314 1846 sunt
1336 1805 1469 1848 bonis.

67 1885 192 1928 Nosti
213 1890 380 1934 cetera3
414 1887 579 1928 nonne?

239 1967 290 2008 Id
311 1968 422 2023 quod
442 1968 562 2010 multi
584 1967 871 2018 invideant,—

65 2063 171 2105 quae
192 2048 361 2104 scripsit
380 2049 520 2104 gravis
533 2054 576 2091 et
588 2049 830 2105 ingeniosus
841 2052 980 2105 poeta,
1008 2047 1219 2104 [scripsit]
1239 2064 1322 2090 non
1336 2054 1384 2091 ut
1405 2050 1497 2092 illos
1519 2052 1658 2108 regios

929 2194 997 2232 ipso
1016 2191 1081 2232 me]
1131 2192 1275 2222 'Wunder
1307 2193 1363 2222 has
1389 2203 1407 2223 a
1437 2196 1512 2223 note
1542 2203 1583 2223 on
1608 2194 1663 2224 the

886 2236 1014 2265 relative
1029 2235 1165 2274 position
1183 2236 1218 2265 of
1230 2236 1284 2265 the
1296 2240 1358 2266 two
1375 2246 1547 2276 pronouns.
1593 2237 1662 2266 The.

888 2279 975 2318 ‘ipso
989 2277 996 2291 '
1028 2278 1122 2317 being
1152 2279 1206 2308 the
1237 2279 1394 2319 emphatic
1424 2280 1508 2309 word
1537 2282 1562 2309 is
1589 2280 1663 2310 here,

887 2321 996 2361 placed
1014 2321 1092 2351 first.
1141 2321 1192 2351 He
1216 2322 1314 2352 refers
1338 2333 1454 2361 among
1475 2323 1566 2352 other
1590 2333 1662 2362 pas-

885 2374 983 2404 sages,
997 2367 1030 2393 to
1044 2365 1081 2394 In
1093 2364 1198 2394 Pison.
1212 2375 1238 2394 c.
1249 2366 1291 2394 20
1303 2378 1309 2394 :
1326 2367 1344 2381 ‘⁸
1357 2366 1439 2405 qnod
1451 2366 1491 2396 ad
1504 2366 1661 2395 neminem

884 2408 943 2437 nisi
958 2407 998 2437 ad
1013 2407 1117 2446 ipsum
1134 2410 1166 2437 te
1182 2408 1387 2447 pcrtineret.'‘

928 2452 1002 2490 quia
1019 2450 1114 2489 esset]
1164 2453 1171 2467 ⁶
1184 2451 1238 2490 qui
1255 2455 1337 2481 esset
1348 2451 1355 2463 '
1368 2450 1530 2487 VVunder3
1547 2451 1603 2481 but
1621 2452 1660 2481 lw

884 2493 969 2532 gives
999 2503 1040 2522 no
1070 2493 1229 2533 authority
1262 2494 1309 2523 for
1333 2498 1340 2511 ‘
1355 2493 1430 2534 qui.’
1480 2494 1493 2523 Ι
1525 2505 1662 2534 suppose

111 2194 163 2223 24.
201 2193 241 2222 L.
277 2192 434 2232 Cassium]
482 2192 552 2222 The
581 2192 776 2233 subscriptor
809 2192 846 2223 of

69 2234 247 2265 Laterensis
308 2234 492 2274 (Wunder).
510 2252 549 2257 —
572 2239 579 2252 ⁸
600 2237 795 2275 expostulavi
820 2235 840 2266 :’

68 2277 206 2307 Terence
223 2277 337 2317 (Andr.
354 2277 394 2307 iv.
416 2278 441 2307 l.
462 2277 513 2317 15)
530 2278 586 2308 has
602 2279 656 2308 the
668 2289 753 2309 same
766 2289 840 2309 con-

69 2320 241 2349 struction:
267 2322 286 2337 “
301 2319 462 2349 Adeamne
490 2321 528 2350 ad
555 2331 626 2351 cum
651 2325 684 2351 ct
710 2332 781 2351 cum
805 2332 842 2352 eo

68 2362 214 2401 injuriam
231 2362 311 2392 hanc
326 2363 520 2401 expostulem
535 2364 546 2393 ?
560 2363 579 2377 ”
626 2364 657 2394 It
677 2374 784 2395 means
806 2368 840 2394 to

69 2405 224 2444 complain
251 2405 348 2434 about
370 2415 389 2434 a
412 2405 502 2445 thing
527 2410 560 2437 to
583 2416 602 2436 a
625 2417 739 2446 person
769 2408 839 2438 who

68 2448 125 2477 has
141 2448 205 2477 said
222 2448 247 2477 it
262 2457 297 2477 or
312 2448 393 2477 done
408 2448 442 2478 it.

116 2490 236 2530 C'onyo]
285 2490 324 2519 V.
356 2490 411 2520 has
442 2490 592 2528 ‘Conco,'
624 2491 701 2522 both
727 2492 760 2522 in
785 2492 840 2523 the

70 2533 203 2563 Lemma
239 2533 301 2562 and
338 2533 370 2562 in
407 2533 461 2563 tho
496 2534 666 2565 Scholium.
712 2535 750 2565 E.
781 2536 838 2566 has

71 2579 78 2593 ‘
94 2575 210 2614 longe!
255 2575 324 2605 The
345 2575 461 2605 editors
482 2576 560 2606 have
581 2578 737 2617 generally
754 2579 837 2608 writ-

69 2622 122 2649 ten
141 2622 148 2635 ⁴
164 2618 330 2657 Longino!
369 2618 478 2648 Cicero
494 2620 604 2658 speaks
620 2620 655 2649 of
664 2620 712 2650 his
728 2624 735 2637 ⁴
750 2621 838 2651 fami-

68 2662 152 2692 lim-is
182 2660 362 2699 Longinns'
385 2670 418 2690 as
442 2671 481 2690 an
507 2662 667 2698 histor-ian,
690 2663 752 2692 and
776 2664 839 2693 still

68 2705 166 2743 living
186 2704 275 2733 when
301 2703 340 2733 he
361 2707 456 2733 wrote
476 2704 530 2733 tho
556 2705 604 2734 Do
620 2706 762 2742 Oratore,
786 2707 840 2736 the

69 2748 141 2777 date
157 2747 191 2776 of
204 2747 303 2776 which
321 2747 346 2776 is
364 2746 444 2775 tixed
461 2750 491 2775 at
510 2756 571 2777 n.c.
589 2749 629 2775 55
646 2747 685 2786 hy
699 2748 838 2785 Clinton,

69 2790 140 2821 who
161 2791 304 2820 however
328 2790 403 2818 ‹loes
427 2792 481 2818 not
507 2793 601 2829 quote
625 2790 686 2818 this
711 2801 839 2830 passage

69 2833 149 2863 from
174 2833 227 2863 the.
256 2833 315 2862 Pro
344 2831 477 2861 Plancio.
524 2832 667 2861 Wunder
693 2832 839 2864 observes

68 2876 138 2906 that
154 2876 185 2906 in
202 2875 266 2905 this
282 2885 411 2915 passage
427 2875 480 2904 the
496 2875 604 2910 MSS„
620 2884 654 2904 so
679 2875 724 2904 far
745 2886 778 2905 as
801 2876 840 2907 hc

68 2918 188 2957 kuows,
205 2918 283 2950 have
299 2921 355 2949 not
371 2921 379 2935 ⁴
394 2917 560 2958 Longino,'
578 2918 635 2949 but
651 2920 658 2934 ⁴
674 2917 807 2958 Longo.’

883 2536 953 2566 that
968 2536 1069 2565 either
1085 2537 1168 2566 word
1185 2537 1246 2566 will
1263 2537 1314 2566 (lo.
1361 2537 1487 2567 Cassius
1511 2543 1595 2567 must
1621 2537 1660 2567 bc

884 2579 1040 2618 supposed
1063 2582 1096 2609 to
1121 2579 1219 2619 iniply
1243 2579 1284 2619 by
1309 2580 1356 2610 his
1381 2580 1525 2620 question
1551 2581 1619 2610 that
1641 2590 1660 2609 a

884 2632 957 2651 man
988 2622 1022 2651 of
1050 2622 1195 2652 consular
1231 2622 1338 2662 family
1376 2623 1478 2652 would
1516 2628 1568 2661 gct
1606 2623 1659 2651 the

886 2669 892 2680 ⁴
908 2664 1043 2694 honores
1056 2664 1063 2677 '
1081 2665 1179 2695 easier
1195 2665 1270 2694 than
1288 2676 1306 2694 a
1323 2676 1395 2695 inan
1413 2666 1481 2694 who
1505 2676 1566 2694 was
1590 2669 1656 2699 not,

884 2707 944 2736 and
975 2707 1045 2737 that.
1077 2708 1162 2737 since
1188 2708 1368 2738 Laterensis
1400 2708 1460 2738 had
1492 2713 1548 2737 not.
1579 2707 1655 2735 been

883 2750 1001 2779 elected
1033 2750 1120 2779 there
1150 2761 1212 2780 was
1242 2761 1329 2781 some
1360 2752 1424 2781 foul
1459 2751 1582 2786 dealing
1616 2759 1656 2777 on

886 2792 1040 2822 Plancius'
1058 2797 1138 2832 part.

923 2836 1047 2875 ,qr-avis]
1098 2836 1186 2866 ‘Has
1213 2839 1269 2865 not
1296 2835 1437 2872 strength
1469 2834 1592 2869 enough
1624 2836 1656 2862 to

884 2878 1002 2908 receive
1032 2878 1109 2908 such
1139 2878 1305 2918 precepts.'
1352 2877 1490 2907 Cicero's
1513 2886 1568 2905 son
1594 2885 1655 2904 was

885 2919 965 2951 born
980 2921 1013 2951 in
1032 2930 1097 2952 lac.
1122 2922 1229 2953 tit—¹
1243 2931 1263 2952 a
1285 2920 1365 2952 Jove
1385 2917 1503 2952 ortus?
1527 2918 1655 2953 Atreus,
