1849 3227
68 172 119 211 16
360 170 537 212 ORAT.
574 170 635 211 IN
674 171 720 211 Ι).
757 169 1081 211 VATlNlUM
1117 169 1366 210 TESTEM

63 284 308 340 aspexisset,
329 285 533 340 duplicem
552 285 732 325 dolorem
751 284 1035 339 gemitumque
1056 282 1301 336 susciperet,
1318 287 1362 324 et
1382 297 1434 324 ex
1456 283 1662 325 desiderio

62 350 279 390 clarissimi
320 355 362 391 et
403 350 617 390 fortissimi
654 349 765 397 civis,
805 354 848 389 et
881 363 933 388 ex
966 349 1122 388 honore
1160 347 1389 402 turpissimi
1425 353 1551 403 atque
1587 349 1661 389 irn-

60 414 321 470 probissimi?
364 414 519 454 adeonc
562 429 645 453 non
686 412 981 453 labefactatam
1022 426 1108 451 rem
1144 411 1353 466 publicam
1394 416 1436 452 te
1476 412 1659 462 tribuno,

60 495 194 535 neque
235 486 554 534 conquassatam
596 478 823 524 civitatem,
866 477 938 516 sed
979 482 1145 531 captam
1196 476 1302 517 hanc
1347 477 1493 517 urbem
1533 483 1660 532 atque

60 560 244 586 eversam
287 543 459 598 putaris,
503 547 550 582 ut
586 556 787 594 augurem
822 541 1042 581 Vatinium
1084 541 1193 581 ferre
1234 543 1481 595 possemus?
1562 542 1658 583 Hoc

59 611 148 650 loco
172 622 335 662 quaero,
358 607 404 655 si,
429 607 468 646 id
491 606 601 660 quod
624 606 907 661 concupieras,
931 621 1063 660 augur
1085 606 1221 647 factus
1243 605 1458 646 esses—in
1481 621 1562 660 qua
1582 612 1659 648 tua

60 674 313 728 cogitatione
336 686 422 720 nos,
447 672 515 726 qui
538 677 580 712 te
603 672 836 720 oderamus,
860 671 928 711 vix
951 671 1135 711 dolorem
1156 671 1402 721 ferebamus,
1422 671 1478 711 illi
1499 676 1655 721 autem,
1702 722 1705 725 Δ

58 739 204 793 quibus
225 751 317 778 eras
339 736 380 776 in
403 736 571 786 deliciis,
596 736 663 776 vix
685 736 813 776 risum
835 736 1170 777 tenebant—sed
1191 750 1359 790 quaero,
1383 735 1418 776 si
1440 736 1493 775 ad
1515 741 1657 777 cetera

57 804 234 852 vulnera,
266 802 415 856 quibus
446 817 533 841 rem
570 801 779 856 publicam
809 801 967 855 putasti
1003 801 1141 849 deleri,
1177 801 1283 841 hanc
1315 815 1480 855 quoque
1511 800 1678 841 mortis

55 868 184 908 feram
206 867 369 922 plagam
391 866 613 908 inflixisses
641 877 871 920 auguratus
893 866 967 914 tui,
990 870 1131 907 utrum
1163 867 1410 907 decreturus
1440 866 1567 906 fueris
1597 865 1652 916 id,

56 933 165 988 quod
196 946 374 986 augures
406 946 549 971 omnes
580 946 709 986 usque
737 931 790 971 ab
813 931 992 971 Romulo
1018 931 1306 978 decreverunt,
1331 931 1441 971 Jove
1468 930 1655 985 fulgente

55 1013 146 1039 cum
170 997 320 1052 populo
341 997 407 1050 agi
429 996 545 1037 nefas
568 1011 670 1045 esse,
695 1011 760 1047 an,
785 996 883 1051 quia
913 1001 961 1037 tu
991 1011 1156 1051 semper
1187 995 1246 1037 sic
1278 995 1446 1051 egisses,
1470 995 1655 1050 auspicia

53 1063 180 1103 fueris
200 1077 333 1117 augur
355 1061 662 1101 dissoluturus?
1454 1114 1458 1117 -

113 1127 199 1167 ΙΧ.
234 1127 298 1167 Ac
320 1141 370 1166 ne
391 1126 547 1167 diutius
568 1126 714 1181 loquar
735 1126 785 1167 de
807 1130 1015 1181 auguratu
1045 1130 1133 1172 tuo,
1156 1126 1267 1180 quod
1296 1125 1452 1166 invitus
1473 1125 1582 1166 facio
1604 1129 1653 1166 ut

52 1192 245 1233 recorder
280 1191 418 1231 ruinas
453 1192 510 1231 rei
542 1191 746 1245 publicae,
778 1206 912 1246 neque
943 1190 1052 1231 enim
1084 1196 1130 1231 tu
1164 1204 1358 1244 umquam
1392 1195 1534 1230 stante
1569 1205 1653 1230 non

52 1258 174 1297 modo
196 1257 415 1311 majestate
438 1257 596 1303 horum,
620 1257 693 1296 sed
720 1256 848 1297 etiam
877 1257 991 1305 urbe,
1013 1261 1056 1296 te
1086 1270 1288 1310 augurem
1315 1256 1403 1294 fore
1435 1254 1653 1309 putasti-

52 1336 193 1363 verum
214 1328 364 1370 tamen,
389 1326 436 1361 ut
457 1321 617 1361 somnia
638 1325 713 1362 tua
734 1321 976 1375 relinquam,
1000 1320 1053 1360 ad
1084 1320 1242 1360 scelera
1267 1319 1442 1369 veniam,
1468 1319 1558 1360 volo
1589 1319 1652 1360 uti

50 1387 150 1428 mihi
172 1387 444 1441 respondeas:
480 1401 607 1441 quum
632 1386 695 1426 M.
719 1386 914 1426 Bibulum
940 1385 1295 1426 consulem—non
1315 1385 1450 1425 dicam
1471 1386 1576 1425 bene
1599 1385 1650 1425 de

49 1468 93 1493 re
115 1452 278 1507 publica
303 1451 567 1501 sentientem,
591 1465 643 1491 ne
671 1456 716 1492 tu
740 1450 839 1490 mihi
862 1451 986 1490 homo
1015 1456 1166 1505 potens
1197 1449 1388 1499 irascare,
1413 1448 1481 1503 qui
1512 1450 1565 1489 ab
1599 1464 1649 1490 eo

49 1517 293 1566 dissensisti,
317 1517 389 1557 sed
415 1517 622 1557 hominem
647 1520 761 1556 certe
792 1530 997 1569 nusquam
1028 1514 1374 1569 progredientem,
1398 1513 1499 1553 nihil
1532 1513 1574 1553 in
1604 1530 1648 1555 re

48 1582 213 1637 publica
234 1582 483 1628 molientem,
500 1586 665 1622 tantum
681 1580 818 1620 animo
840 1581 893 1619 ab
915 1579 1150 1620 actionibus
1167 1578 1253 1619 tuis
1274 1578 1648 1619 dissentientem—

49 1661 176 1701 quum
203 1661 297 1687 eum
327 1652 374 1687 tu
402 1646 612 1686 consulem
639 1645 681 1685 in
716 1644 879 1685 vincula
914 1644 1101 1691 duceres,
1139 1648 1184 1684 et
1214 1644 1268 1683 ab
1304 1643 1449 1684 tabula
1477 1643 1647 1686 Valeria

92 1772 246 1817 eversura]
297 1777 335 1808 G.
361 1780 559 1817 ‘perversam
573 1777 582 1792 '
608 1778 642 1808 P.
669 1777 819 1808 Halm.—
863 1776 934 1806 who
951 1785 1113 1814 compares
1135 1775 1185 1805 De
1203 1775 1344 1814 Harusp.
1370 1774 1526 1814 Respons.
1545 1785 1571 1805 c.
1589 1776 1642 1812 26,

48 1820 59 1836 ‘
71 1821 189 1859 putaris
201 1820 220 1849 ε’
245 1821 278 1850 Ρ.
295 1821 471 1856 Manutius,
497 1824 642 1860 ‘putares
657 1821 664 1833 ⁷
688 1821 722 1850 P.
738 1820 822 1850 G.—-
865 1819 931 1849 “ad
943 1819 1048 1849 omnia
1061 1818 1311 1857 progredientem
1324 1817 1355 1854 ;”
1368 1818 1430 1847 and
1446 1818 1541 1847 Halm
1559 1829 1644 1848 com-

49 1865 57 1880 (
69 1863 102 1892 111
129 1863 245 1892 deliciis
259 1863 278 1892 :¹
311 1867 318 1880 ⁴
331 1864 435 1893 whose
472 1864 593 1902 darling
627 1874 689 1903 you
719 1861 820 1892 were!
866 1872 956 1901 pares
970 1862 1030 1891 Pro
1042 1861 1153 1896 Sestio,
1171 1871 1197 1890 c.
1211 1862 1264 1896 35,
1282 1863 1301 1877 “
1313 1860 1391 1890 1111111
1408 1860 1642 1899 progreditur.’'

49 1906 163 1936 Caesar
192 1906 254 1935 and
282 1907 458 1945 Pompeius,
487 1916 520 1935 as
552 1906 718 1936 Goveanus
742 1915 822 1944 says,
910 1906 943 1934 in
958 1905 1085 1934 vincula
1102 1903 1249 1942 duceres]
1279 1903 1338 1933 See
1355 1903 1404 1933 De
1421 1903 1534 1939 Domo,
1549 1915 1576 1935 0.
1590 1906 1642 1942 45,

48 1949 119 1978 who
143 1954 252 1988 quotes
276 1949 384 1979 Cicero
409 1949 473 1988 (Ad
490 1949 558 1978 Att.
575 1949 606 1978 ii.
625 1948 680 1988 9>:
706 1951 726 1965 ‘⁴
740 1949 816 1978 Pro-

47 1991 120 2021 inde
135 1992 186 2021 isti
210 1992 282 2021 licet
300 1992 415 2021 faciant
438 2002 516 2031 quos
533 1991 638 2021 volent
662 1991 816 2027 consules,

47 2035 190 2064 tribunos
208 2035 260 2073 pL,
278 2035 411 2074 denique
427 2035 521 2064 etiam
532 2034 650 2064 Vatinii
666 2038 819 2064 strumam

48 2078 211 2107 sacerdotii
227 2076 354 2116 ὂιβάφῳ
370 2076 540 2107 vestiant.'’

91 2121 205 2159 deleri]
264 2120 363 2150 Codd.
395 2124 402 2137 ‘
417 2120 556 2150 deletum
590 2119 651 2156 iri,’
683 2117 820 2155 Ernesti,

49 2163 156 2197 Halm,
190 2163 238 2192 ed.
270 2164 355 2193 2.--ζ
370 2163 450 2193 Jove
476 2163 618 2202 fulgente
635 2162 656 2192 ι’
682 2162 821 2192 ‘Nonne

47 2206 246 2244 perspicuum
263 2209 312 2235 est
327 2216 363 2235 ex
380 2206 481 2244 prima
496 2206 702 2235 admiratione
718 2204 819 2234 homi-

46 2258 135 2283 num,
170 2248 255 2287 quod
289 2249 429 2278 tonitrua
455 2248 620 2287 jactusque
648 2248 817 2278 fulminum

46 2291 273 2326 extimuissent,
298 2291 464 2320 credidisse
492 2301 529 2320 ea
561 2291 683 2320 efficere
712 2300 818 2320 rerum

46 2334 188 2363 omnium
210 2337 447 2372 praepotentem
472 2333 610 2363 Jovem?
657 2333 769 2372 Itaque
784 2333 817 2362 in

46 2377 160 2406 nostris
198 2377 431 2405 commentariis
462 2377 611 2415 scriptum
651 2376 814 2409 habemus,

44 2419 125 2449 Jove
162 2422 302 2453 tonante,
341 2419 519 2457 fulgurante
551 2418 676 2448 comitia
706 2418 816 2457 populi

45 2461 159 2491 habere
175 2461 261 2491 nefas
275 2461 294 2475 '’
314 2460 447 2501 (Cicero,
466 2462 514 2491 De
532 2462 637 2490 Divin.
654 2462 686 2490 ii.
706 2461 770 2499 18).

88 2506 118 2535 9.
143 2505 307 2543 majestate
328 2504 457 2543 horum]
505 2504 574 2534 The
591 2504 721 2542 judices,
747 2513 816 2542 says

45 2547 153 2577 Halm.
215 2547 380 2577 Goveanus
425 2547 562 2585 thought
603 2547 672 2576 that
710 2547 820 2576 Cicero

44 2594 152 2620 meant
167 2590 222 2619 the
239 2590 363 2619 Roman
387 2590 562 2628 people.—‘
575 2599 729 2627 nusquam
747 2599 819 2628 pro-

43 2634 235 2671 gredientem
249 2633 267 2661 :’
286 2632 450 2662 Manutius
461 2636 612 2671 supposes
625 2632 694 2661 that
709 2631 818 2661 Cicero

42 2676 162 2706 alludes
179 2680 211 2705 to
234 2675 376 2711 Bibulus,
399 2675 453 2704 the
475 2675 632 2713 colleague
648 2675 683 2703 of
704 2674 818 2704 Caesar

41 2719 74 2748 in
90 2719 139 2748 his
155 2718 345 2757 consulship,
364 2718 456 2756 being
471 2717 643 2757 compelled
661 2721 668 2733 ‘
680 2720 713 2746 to
729 2717 815 2746 leave

41 2762 96 2791 the
111 2762 214 2791 forum
231 2761 292 2790 and
309 2761 386 2800 keep
402 2764 435 2790 at
449 2761 543 2790 home
557 2760 564 2774 ’
584 2759 625 2800 (0.
646 2761 710 2798 10).
751 2759 815 2789 But

40 2805 67 2834 it
82 2815 181 2834 seems
197 2809 230 2834 to
246 2814 337 2842 mean
352 2813 394 2833 no
415 2813 501 2833 more
516 2803 594 2832 than
615 2805 622 2819 ‘
637 2802 733 2841 doing
755 2812 811 2831 no-

40 2847 153 2886 thing‚'
172 2848 298 2885 making
321 2857 362 2876 no
384 2847 552 2876 resistance
567 2849 600 2876 to
618 2845 733 2875 Caesar
748 2845 810 2874 and

41 2890 183 2921 Caesar's
211 2890 337 2926 saction,
365 2899 399 2920 as
430 2889 582 2920 Garatoni
606 2888 748 2927 explains
771 2888 807 2924 it,

861 1950 1001 1977 note—⁴
1015 1947 1054 1976 ab
1067 1946 1175 1976 tabula
1190 1946 1344 1976 Valeria:‘
1361 1956 1448 1975 some
1468 1946 1575 1976 tabula
1591 1957 1641 1976 ar-

863 1990 1012 2029 gentaria,
1036 1989 1099 2018 like
1126 1989 1180 2019 the
1204 1989 1304 2018 Sestia
1326 1989 1508 2018 mentioned
1530 1990 1562 2019 in
1586 1989 1641 2020 the

865 2033 924 2063 Pro
942 2033 1084 2067 Quintio,
1102 2042 1128 2062 c.
1146 2033 1176 2062 6.
1215 2031 1281 2061 Mai
1299 2036 1412 2071 quotes
1428 2042 1446 2061 a
1461 2042 1592 2071 passage
1607 2033 1644 2062 of
1699 2072 1701 2074 Ι

866 2076 957 2114 Pliny
985 2074 1045 2114 (H.
1072 2075 1114 2104 N.
1139 2075 1190 2104 35.
1214 2074 1271 2114 7):
1298 2077 1318 2092 ‘⁶
1333 2075 1476 2104 Picturae
1500 2075 1640 2114 dignatio

864 2118 1032 2157 praecipua
1049 2118 1168 2147 Romae
1183 2117 1325 2153 increvit,
1338 2121 1375 2147 ut
1390 2117 1546 2154 existimo,
1560 2128 1578 2147 a
1591 2118 1640 2148 M.
1685 2151 1695 2160 ς

864 2161 990 2190 Valerio
1007 2160 1149 2190 Maximo
1161 2160 1308 2196 Messala,
1320 2159 1373 2199 qui
1386 2161 1530 2199 princeps
1547 2160 1640 2190 tabu-

864 2204 926 2233 lam
943 2204 1082 2242 picturae
1098 2203 1206 2242 praeli‚
1231 2213 1292 2242 quo
1317 2203 1591 2242 Carthaginienses
1608 2206 1641 2233 et

864 2247 1035 2276 Hieronem
1055 2247 1087 2275 in
1105 2246 1210 2275 Sicilia
1231 2245 1396 2282 devicerat,
1418 2246 1583 2285 proposuit
1605 2246 1639 2276 in

861 2290 958 2319 latere
973 2289 1075 2318 curiae
1095 2288 1247 2318 Hostiliae
1263 2298 1346 2318 anno
1363 2297 1475 2319 A.U.c.
1493 2288 1639 2318 ccccxc.’'

861 2332 929 2362 The
943 2335 950 2349 ‘
961 2331 1069 2361 tabula
1078 2330 1217 2360 Valeria'
1234 2331 1260 2360 is
1277 2331 1458 2360 mentioned
1473 2331 1514 2370 by
1528 2331 1638 2362 Cicero

862 2375 927 2410 (Ad
944 2375 1031 2404 Fam.
1048 2375 1110 2404 xiV.
1129 2373 1175 2413 2).
1220 2373 1289 2403 Mai
1313 2383 1465 2413 supposes
1487 2374 1558 2404 that
1580 2374 1637 2404 the

860 2417 948 2456 place
972 2418 998 2447 is
1021 2420 1128 2446 meant
1150 2417 1183 2446 in
1209 2416 1311 2446 which
1335 2417 1404 2446 that
1427 2417 1548 2456 picture
1572 2417 1636 2447 had

860 2460 1008 2499 formerly
1023 2460 1115 2495 been,
1131 2459 1193 2488 and
1209 2459 1278 2489 that
1290 2460 1344 2489 the
1356 2469 1449 2489 name
1462 2460 1634 2490 remained.

860 2503 929 2532 The
947 2503 1100 2532 Scholiast
1116 2502 1228 2541 speaks
1244 2502 1279 2531 of
1298 2503 1352 2532 the
1368 2506 1375 2519 ⁴
1390 2502 1513 2532 tabula’
1531 2503 1567 2533 of
1579 2503 1636 2532 the

864 2546 998 2584 exploits
1022 2546 1057 2575 of
1076 2546 1220 2574 Valerius
1248 2545 1408 2575 Maximus
1434 2546 1487 2574 ‘in
1510 2545 1635 2582 Gallia?

863 2588 922 2617 but
945 2589 997 2617 ‘in
1023 2587 1144 2618 Gallia'
1169 2597 1241 2626 may
1265 2588 1305 2618 be
1327 2598 1345 2617 a
1370 2589 1504 2618 mistake
1527 2588 1562 2618 of
1582 2588 1638 2618 the

865 2631 1082 2660 Scholiast.——‘
1098 2634 1226 2669 pontem
1242 2630 1262 2660 ε’
1279 2641 1297 2660 0
1320 2641 1450 2670 passage
1467 2641 1528 2662 vas
1545 2631 1637 2660 made

863 2673 904 2713 by
938 2674 1060 2712 joining
1095 2673 1238 2712 together
1268 2674 1323 2703 the
1357 2673 1568 2709 ‘tribunalia,’
1604 2674 1641 2703 of

859 2717 961 2746 which
977 2717 1066 2746 there
1082 2726 1162 2746 were
1178 2717 1295 2746 several
1311 2717 1343 2746 in
1366 2717 1421 2746 the
1438 2716 1555 2746 Forum
1572 2716 1635 2746 and

859 2759 951 2789 made
974 2759 1009 2788 of
1029 2759 1117 2788 wood
1142 2759 1273 2798 (Ascon.
1299 2759 1333 2788 in
1359 2759 1474 2789 Milon.
1498 2759 1576 2796 Arg.
1601 2769 1632 2798 p.

856 2803 897 2832 34
915 2813 922 2838 ;
958 2802 1040 2831 Dion
1072 2802 1198 2832 Cassius
1230 2803 1280 2837 40,
1320 2812 1346 2832 0.
1384 2803 1426 2832 49
1442 2813 1449 2837 ;
1499 2801 1631 2831 Sueton.

856 2844 980 2881 Caesar,
998 2845 1117 2883 84).-‘
1131 2844 1254 2874 sublato
1270 2845 1385 2874 auxilio
1401 2845 1420 2872 :'
1437 2843 1491 2873 the
1508 2847 1515 2860 ‘
1530 2853 1609 2882 pons
1623 2843 1631 2856 ’

854 2897 916 2917 was
939 2897 973 2917 so
996 2887 1195 2918 constructed
1221 2887 1290 2916 that
1314 2887 1368 2917 the
1391 2885 1510 2916 tribuni
1527 2886 1632 2917 would
