1816 3211
82 202 163 241 648
225 198 404 240 ORAT.
438 197 955 239 PI-IILIPPIOARUM
992 194 1180 236 LIBER
1214 194 1601 237 UNDECIMUS.

79 317 124 354 et
154 327 202 354 eo
224 312 403 353 maxime
434 311 664 357 incumbis;
704 311 809 351 duas
843 316 982 352 tamen
1015 324 1082 349 res
1114 322 1289 362 magnas
1320 308 1564 362 praesertim
1592 321 1675 347 non

77 378 202 418 modo
224 392 349 431 agcrc
370 391 452 416 uno
475 381 674 430 tempore,
709 377 783 416 sed
805 390 856 415 ne
880 375 1104 428 cogitando
1134 374 1302 427 quidem
1333 373 1537 427 explicare
1567 371 1676 427 quis-

79 457 201 497 quam
224 446 380 496 potest.
445 441 629 481 Incitare
651 444 694 480 et
716 440 972 479 inflammare
993 443 1113 479 tuum
1135 438 1242 479 istuc
1273 437 1677 492 praestantissimum

79 507 277 553 studium,
312 520 394 545 non
428 506 480 544 ad
514 505 636 544 aliam
673 504 754 544 ulla
790 518 843 544 ex
876 509 996 558 parte
1032 518 1175 543 curam
1211 502 1434 543 transferre
1465 502 1677 542 debemus.

81 572 143 612 X.
168 572 290 611 Adde
312 570 420 610 istuc
441 584 654 610 sermones
675 568 903 617 hominum,
921 569 1028 610 adde
1051 568 1320 623 suspiciones,
1344 568 1450 608 adde
1471 566 1678 606 invidiam.

82 635 254 676 Imitare
275 649 341 674 me
364 649 489 688 quem
520 640 566 675 tu
595 649 760 688 semper
794 634 991 682 laudasti,
1025 633 1094 688 qui
1123 634 1372 674 instructam
1409 637 1680 684 ornatamque

79 714 104 740 a
140 706 289 740 senatu
325 699 580 754 provinciam
616 699 801 754 deposui,
835 703 884 739 ut
916 698 1155 738 incendium
1188 698 1350 753 patriae
1386 698 1537 738 omissa
1569 695 1680 736 omni

82 764 340 818 cogitatione
375 764 691 819 restinguerem.
754 764 888 804 Nemo
922 763 1002 804 erit
1037 767 1204 818 praeter
1238 778 1364 803 unum
1399 777 1478 810 me,
1516 761 1681 816 quicum

80 831 284 885 profectO,
308 830 342 870 si
369 830 469 884 quid
502 830 704 871 interesse
738 835 811 871 tua
846 834 1054 884 putasses,
1088 844 1165 884 pro
1198 844 1360 870 summa
1395 827 1681 868 familiaritate

81 899 228 936 nostra
260 895 620 943 communicasses,
656 895 725 949 qui
760 895 905 935 credat
936 901 979 935 te
1013 894 1144 935 invito
1184 894 1439 948 provinciam
1479 892 1557 933 tibi
1590 905 1682 932 esse

84 961 310 1001 decretam.
346 960 483 1009 Hanc,
501 974 668 1014 quaeso,
683 974 758 1014 pro
781 964 853 1000 tua
874 959 1071 1014 singulari
1094 959 1299 1013 sapientia
1320 958 1496 1013 reprime
1516 958 1681 1006 famam,

82 1032 210 1080 atque
243 1025 370 1074 effice,
395 1039 446 1065 ne
467 1024 507 1064 id
529 1025 639 1079 quod
667 1039 746 1064 non
782 1039 903 1065 curas
940 1038 1092 1078 cupere
1123 1024 1301 1064 videare.
1366 1023 1487 1075 Quod
1518 1022 1684 1077 quidem

83 1105 132 1131 eo
155 1090 440 1131 vehementius
472 1090 549 1130 tibi
579 1090 852 1129 laborandum
883 1095 960 1140 est,
985 1090 1082 1144 quia
1103 1089 1144 1129 in
1166 1090 1340 1129 eandem
1371 1089 1518 1129 cadere
1550 1087 1684 1142 suspi-

84 1156 247 1196 cionem
275 1154 434 1209 collega
455 1154 515 1194 vir
537 1154 789 1195 clarissimus
820 1169 902 1195 non
938 1159 1094 1209 potest.

84 1219 335 1273 suspicatur.

1156 1154 1271 1194 Nihil
1291 1154 1439 1194 horum
1467 1153 1561 1200 scit,
1584 1152 1685 1193 nihil

397 1218 560 1258 Bellum
592 1219 715 1273 gerit,
751 1219 792 1259 in
817 1219 906 1260 acie
939 1223 1039 1270 stat,
1076 1219 1128 1259 de
1156 1219 1359 1273 sanguine
1387 1224 1430 1260 et
1458 1219 1508 1259 de
1536 1217 1685 1272 spiritu

84 1284 299 1325 decertat:
333 1287 433 1324 ante
455 1282 709 1337 provinciam
730 1283 811 1324 sibi
833 1284 1047 1325 decretam
1067 1283 1210 1324 audiet
1230 1298 1354 1338 quam
1375 1283 1562 1338 potuerit
1582 1287 1685 1323 tem-

82 1364 163 1404 pus
184 1349 221 1389 ei
242 1348 301 1389 rei
323 1348 468 1388 datum
488 1348 705 1403 suspicari.
768 1349 933 1390 Vereor
953 1364 1005 1390 ne
1027 1349 1240 1390 exercitus
1261 1363 1426 1404 quoque
1448 1348 1592 1397 nostri,
1617 1348 1686 1403 qui

84 1430 167 1455 non
189 1414 377 1455 delectus
398 1413 665 1464 necessitate,
690 1414 764 1455 sed
787 1414 1032 1456 voluntariis
1055 1415 1208 1456 studiis
1230 1429 1274 1455 se
1296 1414 1349 1455 ad
1370 1429 1457 1455 rem
1478 1413 1686 1469 publicam

85 1479 365 1528 contulerunt,
404 1479 626 1519 tardentur
657 1479 819 1530 animis,
855 1479 890 1520 si
927 1479 1152 1534 quidquam
1189 1480 1301 1520 aliud
1333 1494 1358 1520 a
1386 1479 1507 1520 nobis
1537 1479 1615 1519 nisi
1637 1479 1687 1519 de

85 1544 261 1585 instanti
283 1544 389 1584 bello
422 1544 654 1598 cogitatum
686 1546 912 1599 putabunt.
976 1545 1099 1597 Quod
1120 1545 1155 1586 si
1176 1545 1414 1599 provinciae
1448 1544 1687 1586 consulibus

88 1609 346 1664 expetendae
369 1608 572 1659 videntur,
607 1609 716 1651 sicut
741 1625 864 1665 saepe
899 1610 1043 1651 multis
1076 1610 1316 1651 clarissimis
1346 1609 1444 1650 viris
1475 1609 1687 1664 expetitae

88 1678 199 1724 sunt,
230 1673 392 1713 reddite
424 1673 540 1728 prius
569 1674 691 1714 nobis
722 1674 915 1725 Brutum,
940 1675 1079 1715 lumen
1100 1680 1143 1716 et
1165 1676 1294 1716 decus
1316 1675 1512 1724 civitatis,
1538 1675 1607 1728 qui
1628 1675 1688 1715 ita

89 1739 399 1780 conservandus
421 1743 498 1787 est,
519 1742 564 1778 ut
585 1738 626 1778 id
648 1739 813 1793 signum
835 1740 946 1794 quod
969 1740 1019 1779 de
1041 1740 1155 1780 caelo
1177 1740 1390 1794 delapsum
1413 1738 1574 1780 Vestae
1596 1753 1687 1779 cus-

88 1804 217 1845 todiis
239 1803 504 1850 continetur;
540 1817 621 1857 quo
643 1804 754 1843 salvo
776 1804 876 1843 salvi
899 1818 1042 1844 sumus
1063 1804 1205 1845 futuri.
1240 1804 1357 1844 Tunc
1379 1804 1441 1844 vel
1462 1804 1503 1843 in
1526 1804 1688 1844 caelum

89 1882 174 1917 vos,
198 1867 233 1907 si
253 1867 343 1907 fieri
365 1866 535 1921 poterit,
559 1867 742 1908 humeris
763 1867 920 1909 nostris
941 1868 1158 1909 tollemus:
1192 1868 1424 1923 provincias
1456 1873 1569 1909 certe
1601 1868 1688 1922 dig-

90 1933 285 1973 nissimas
298 1932 416 1972 vobis
439 1931 690 1986 deligemus:
725 1947 834 1973 nunc
857 1934 968 1987 quod
990 1933 1130 1988 agitur
1150 1948 1339 1987 agamus.
1374 1933 1531 1988 Agitur
1547 1938 1690 1974 autem

90 1997 263 2038 liberine
294 1996 479 2037 vivamus
511 2011 564 2036 an
596 2001 775 2037 mortem
806 1999 1018 2047 obeamus,
1053 2013 1159 2052 quae
1196 2003 1312 2039 certe
1344 1998 1537 2040 servituti
1571 2002 1690 2039 ante-

91 2062 284 2119 ponenda
318 2065 396 2101 est.
458 2061 567 2112 Quid
601 2061 634 2101 si
670 2061 797 2102 etiam
832 2063 954 2103 affert
986 2063 1232 2104 tarditatem
1269 2063 1350 2103 ista
1389 2063 1602 2104 sententia
1636 2063 1690 2103 ad

93 2126 354 2167 Dolabellam
393 2126 755 2180 persequendum?
786 2128 954 2182 quando
995 2128 1105 2169 enim
1138 2128 1274 2169 veniet
1312 2128 1485 2169 consul?
1544 2128 1614 2168 An
1647 2128 1690 2168 id

94 2196 388 2246 exspectamus
420 2205 502 2245 quo
530 2205 581 2230 ne
607 2191 830 2246 vestigium
864 2193 1031 2247 quidem
1063 2192 1191 2234 Asiae
1224 2193 1441 2234 civitatum
1468 2198 1595 2248 atque
1624 2207 1689 2233 ur-

93 2257 207 2297 bium
242 2256 499 2309 relinquatur
515 2255 652 2296 Z—At.
684 2256 858 2298 mittent
889 2257 1070 2312 aliquem
1110 2258 1161 2298 de
1196 2273 1270 2299 suo
1306 2256 1690 2298 numero.——-Valde

94 2321 196 2362 mihi
217 2320 383 2375 probari
409 2324 564 2374 potest,
590 2320 659 2375 qui
687 2321 822 2376 paullo
857 2327 956 2363 ante
994 2322 1224 2363 clarissimo
1255 2322 1341 2363 viro
1373 2322 1532 2377 privato
1563 2321 1690 2376 impe-

144 2446 194 2474 10.
213 2446 414 2483 provinciam
431 2446 577 2486 deposui]
623 2447 732 2479 Cicero
748 2449 873 2479 refused

97 2489 131 2517 to
146 2487 221 2515 take
236 2497 253 2516 a
269 2488 416 2526 province
432 2489 463 2517 in
480 2489 534 2518 the
550 2499 623 2528 year
638 2491 718 2521 after
732 2492 782 2521 his
798 2502 872 2522 con-

100 2529 232 2568 sulship,
251 2530 311 2558 and
330 2530 368 2558 he
385 2530 475 2559 made
491 2531 539 2560 his
556 2532 747 2564 declaration
763 2538 796 2564 to
812 2535 874 2564 this

99 2572 192 2601 effect
207 2573 238 2600 in
255 2582 273 2600 a
290 2572 414 2601 Contio.
463 2573 515 2602 He
540 2584 610 2613 says
630 2576 663 2604 in
684 2587 702 2605 a
726 2577 818 2607 letter
840 2581 874 2607 to

101 2614 141 2647 Q.
160 2614 309 2643 Metellus
327 2614 416 2643 Celer
433 2614 497 2654 (Ad
512 2616 583 2645 Div.
597 2627 625 2646 v.
643 2621 674 2653 2,
685 2619 737 2658 3):
756 2623 774 2636 “
790 2620 875 2649 Illud

101 2657 170 2686 dico
188 2667 247 2690 me,
264 2660 300 2685 ut
318 2657 454 2695 primum
471 2657 503 2685 in
520 2659 667 2689 contione
683 2662 874 2700 provinciam

102 2699 313 2738 deposuerim,
326 2699 431 2728 statim
450 2701 715 2737 quemadmodum
732 2714 800 2734 eam
817 2705 875 2735 tibi

101 2742 257 2772 traderem
274 2742 411 2780 cogitare
427 2742 601 2780 coepisse.'’

145 2785 179 2813 in
193 2784 321 2815 eandem
335 2784 448 2814 cadere
459 2785 687 2826 suspicionem]
721 2788 771 2817 He
784 2790 875 2819 could

102 2827 167 2856 also
192 2827 271 2856 have
293 2826 369 2863 said,
392 2836 425 2855 as
448 2825 489 2854 he
514 2826 588 2855 does
613 2830 804 2866 sometimes,
822 2835 828 2847 ⁶
843 2832 875 2860 in

103 2869 255 2907 collegam
271 2869 379 2898 eadem
397 2868 531 2906 suspicio
549 2869 656 2899 cadere
670 2881 732 2900 non
750 2874 875 2910 potest!

106 2911 229 2942 Hirtius
245 2921 306 2942 was
331 2921 401 2942 now
417 2910 522 2941 before
547 2910 738 2943 Mutina.-—‘
750 2915 777 2945 ei
801 2916 845 2945 rei
857 2915 876 2946 :’

917 2452 951 2480 to
976 2450 1031 2480 the
1056 2450 1295 2480 determination
1319 2451 1417 2481 about
1438 2451 1493 2481 the
1514 2451 1688 2482 Provincia.

917 2493 987 2523 The
1002 2493 1104 2523 words
1122 2496 1129 2510 ⁴
1141 2494 1169 2523 ei
1183 2494 1227 2523 rei
1241 2494 1248 2508 ’
1262 2493 1344 2524 refer
1358 2497 1392 2524 to
1408 2497 1415 2511 ⁴
1427 2494 1619 2533 provinciam
1635 2495 1689 2525 de-

918 2535 1058 2565 cretam)

961 2588 1053 2617 saepe
1075 2579 1202 2616 multis]
1227 2579 1237 2594 ‘
1249 2588 1341 2618 saepe
1357 2589 1375 2609 a
1390 2579 1497 2609 multis
1511 2578 1519 2592 ⁷
1539 2579 1689 2610 Halm.—

919 2623 927 2636 ‘
939 2620 970 2649 id
983 2621 1106 2660 signum
1117 2620 1136 2650 :’
1148 2621 1244 2650 ‘illud
1257 2622 1380 2660 signum
1393 2621 1400 2635 ’
1415 2622 1520 2657 Halm,
1533 2622 1690 2662 following

919 2662 1044 2693 Ernesti
1058 2675 1064 2699 ;
1089 2663 1147 2693 but
1163 2664 1178 2693 Ι
1195 2664 1235 2693 (10
1251 2668 1307 2693 not
1323 2664 1415 2693 think
1431 2665 1500 2693 that
1509 2665 1563 2694 the
1578 2666 1689 2695 altera-

918 2705 984 2734 tion
1002 2706 1028 2735 is
1044 2716 1218 2745 necessary,
1235 2706 1283 2736 for
1302 2707 1357 2736 the
1373 2710 1380 2723 ‘
1395 2706 1534 2745 signum’
1551 2707 1577 2736 is
1594 2708 1689 2746 parti-

920 2748 1038 2787 cularly
1068 2748 1230 2778 described
1262 2752 1269 2766 ‘
1284 2749 1368 2788 quod
1394 2772 1401 2778 .
1419 2772 1426 2778 .
1445 2770 1454 2779 .
1478 2750 1658 2779 continetur
1668 2751 1688 2787 ;’

919 2791 978 2819 and
997 2790 1050 2820 the
1065 2791 1151 2820 word
1168 2794 1174 2807 ‘
1188 2791 1265 2820 illud
1277 2791 1284 2804 '
1300 2792 1325 2821 is
1341 2791 1446 2821 rather
1462 2796 1518 2821 out
1538 2792 1572 2821 of
1591 2793 1690 2831 place.

919 2833 987 2862 The
1005 2836 1011 2849 ⁴
1026 2833 1149 2872 signum
1165 2833 1172 2846 '
1188 2834 1215 2863 is
1234 2834 1288 2863 the
1306 2834 1490 2863 Palladium.

969 2876 1054 2910 Quid
1064 2876 1092 2904 .ςὶ
1105 2877 1202 2905 etiam
1215 2898 1222 2905 .
1235 2899 1242 2906 .
1255 2897 1262 2905 .
1273 2878 1477 2915 relinquatur
1487 2876 1519 2915 ?]
1553 2875 1691 2906 Cicero's

920 2920 1088 2956 argument
1105 2918 1131 2948 is
1152 2918 1215 2948 this
1229 2930 1235 2948 :
1263 2921 1270 2935 ‘
1282 2918 1380 2948 What
1406 2918 1432 2948 if
1454 2918 1518 2948 this
1543 2919 1692 2959 proposal
