1816 3211
710 221 844 264 GAP.
879 223 1060 262 18—20.
1599 227 1679 266 255

90 335 201 391 quod
223 334 397 389 denique
420 334 611 375 omnibus
633 333 777 375 officiis
797 349 872 390 per
893 349 950 383 se,
972 349 1046 389 per
1075 338 1253 389 patrem,
1276 349 1351 389 per
1382 335 1564 389 majores
1586 350 1684 377 suos

88 405 224 441 totam
247 400 466 440 Atinatem
488 399 794 454 praefecturam
817 400 1181 454 comprehenderit
1199 417 1209 447 ;
1244 399 1304 440 sic
1322 404 1369 440 tu
1391 400 1494 440 doce
1515 414 1682 454 seques-

89 469 198 506 trem
251 464 392 514 fuisse,
435 465 634 520 largitum
673 479 777 514 esse,
824 464 1133 519 conscripsisse,
1175 464 1350 506 tribules
1391 465 1681 505 decuriavisse.

91 530 212 582 Quod
233 530 266 570 si
296 544 378 569 non
400 535 536 583 potes,
560 529 643 569 noli
664 529 812 570 tollere
840 544 893 570 ex
927 529 1070 570 ordine
1102 535 1247 571 nostro
1269 529 1576 579 liberalitatem,
1601 529 1684 570 noli

87 594 336 635 maleficium
357 601 509 648 putare
531 608 622 634 esse
643 594 835 648 gratiam,
853 593 936 634 noli
961 594 1271 635 observantiam
1292 594 1455 634 sancire
1476 608 1624 649 poena.

148 659 298 713 Itaque
320 659 601 699 haesitantem
634 663 677 699 te
710 658 752 698 in
783 659 862 699 hoc
888 659 1182 699 sodaliciorum
1204 659 1406 699 tribuario
1438 659 1609 699 crimine
1629 658 1683 699 ad

89 739 349 766 communem
364 724 549 765 ambit-us
566 738 756 764 caussam
773 724 1000 774 contulisti,
1020 724 1063 764 in
1085 739 1167 778 qua
1189 724 1427 764 desinamus
1443 725 1680 778 aliquando,

89 790 124 831 si
145 789 322 837 videtur,
340 788 500 843 vulgari
523 792 566 828 et
587 793 815 842 pervagata
831 788 1135 829 declamatione
1152 788 1415 828 contendere.
1481 788 1551 828 Sic
1574 788 1684 829 enim

88 859 232 895 tecum
252 868 344 908 ag0.
408 854 543 905 Quam
580 852 658 893 tibi
694 853 958 894 commodum
993 857 1059 893 est
1091 852 1248 893 tribum
1283 867 1407 892 unam
1441 853 1601 907 delige:
1635 859 1683 894 tu

90 919 205 967 doce,
229 918 271 958 id
305 919 416 972 quod
450 918 590 966 debes,
613 932 686 972 per
721 932 842 972 quern
874 922 1145 971 sequestrem,
1170 931 1251 972 quo
1288 917 1465 958 divisore
1486 922 1685 972 corrupta

91 983 146 1024 sit
165 999 173 1023 :
208 997 286 1038 ego
308 983 342 1023 si
364 983 405 1022 id
426 983 564 1023 facere
586 997 667 1022 non
695 982 898 1037 potueris,
920 982 1045 1036 quod,
1067 987 1116 1023 ut
1148 982 1288 1037 opinio
1316 997 1410 1023 mea
1430 983 1526 1031 fert,
1550 998 1601 1023 ne
1623 983 1683 1022 in-

90 1048 219 1103 cipies
239 1048 417 1102 quidem,
440 1062 513 1102 per
534 1062 657 1102 quem
678 1046 823 1088 tulerit
840 1047 1014 1087 docebo.
1048 1046 1184 1087 Estne
1206 1047 1309 1088 haec
1331 1062 1429 1088 vera
1446 1047 1684 1088 contentio?

90 1113 280 1167 placetne
301 1112 360 1153 sic
392 1112 488 1166 agi?
550 1111 660 1151 Num
689 1125 859 1166 possum
895 1111 1030 1165 magis
1062 1111 1212 1166 pedem
1247 1112 1448 1161 conferre,
1483 1117 1532 1153 ut
1552 1112 1681 1161 aiunt,

90 1182 165 1218 aut
191 1177 362 1231 propius
395 1176 620 1217 accedere?
680 1176 789 1227 Quid
825 1177 968 1217 taces?
999 1176 1099 1230 quid
1126 1175 1391 1216 dissimulas?
1422 1176 1522 1231 quid
1556 1177 1684 1231 tergi-

90 1241 293 1281 versaris?
354 1240 496 1281 Etiam
528 1246 656 1294 atque
692 1240 820 1280 etiam
855 1240 966 1281 insto
998 1244 1125 1294 atque
1156 1254 1298 1294 urgeo,
1322 1240 1520 1289 insector,
1543 1255 1682 1294 posco,

90 1312 216 1359 atque
238 1305 343 1344 adeo
364 1304 510 1357 flagito
527 1303 682 1344 crimen
701 1321 711 1351 ;
746 1318 1048 1358 quamcumque
1069 1303 1237 1354 tribum,
1261 1304 1443 1359 inquam,
1467 1305 1682 1359 delegeris,

92 1383 217 1423 quam
252 1367 395 1408 tulerit
430 1367 640 1416 Plancius,
675 1372 722 1408 tu
757 1368 969 1408 ostendito
1005 1368 1039 1408 si
1072 1368 1230 1422 poteris
1265 1369 1437 1416 vitium3
1488 1383 1566 1424 ego
1603 1384 1685 1423 qua.

91 1434 253 1474 ratione
275 1431 419 1473 tulerit
441 1432 612 1472 docebo.
677 1431 825 1486 Neque
846 1432 925 1473 erit
955 1433 1058 1473 haec
1087 1433 1166 1473 alia
1188 1433 1295 1473 ratio
1319 1433 1492 1474 Plancio
1523 1448 1571 1474 ac
1594 1433 1683 1482 tibi,

94 1496 349 1538 Laterensis.
413 1495 522 1535 Nam
543 1500 602 1544 ut,
626 1510 729 1550 quas
751 1497 885 1537 tribus
907 1503 952 1537 tu
975 1497 1122 1547 tulisti,
1146 1497 1181 1537 si
1211 1498 1300 1551 jam
1321 1512 1371 1538 ex
1397 1503 1440 1539 te
1461 1498 1681 1553 requiram,

91 1562 226 1616 possis
247 1575 421 1615 quorum
455 1560 595 1600 studio
628 1560 774 1600 tuleris
806 1561 1028 1615 explicare,
1050 1562 1110 1602 sic
1144 1577 1222 1616 ego
1254 1563 1332 1603 hoc
1365 1563 1585 1611 contendo,
1618 1578 1684 1604 me

91 1625 167 1666 tibi
200 1625 277 1679 ipsi
314 1624 552 1665 adversario
576 1624 872 1679 cujuscumque
894 1626 1029 1666 tribus
1061 1626 1265 1667 rationem
1288 1628 1528 1682 poposceris
1549 1628 1685 1668 reddi-

90 1695 245 1731 turum.

149 1753 262 1794 XX.
296 1753 379 1794 Sed
400 1767 474 1793 cur
494 1767 574 1807 ego
596 1752 656 1793 sic
678 1753 789 1806 ago?
819 1753 935 1808 quasi
968 1767 1050 1794 non
1072 1754 1251 1795 comitiis
1281 1756 1370 1809 jam
1401 1756 1684 1811 superioribus

90 1818 146 1860 sit
164 1817 364 1859 Plancius
387 1817 630 1871 designatus
647 1817 819 1865 aedilis;
855 1832 960 1872 quae
982 1819 1152 1859 comitia
1172 1819 1350 1873 primum
1372 1821 1524 1861 habere
1546 1821 1685 1876 coepit

91 1882 234 1924 consul
255 1897 382 1937 quum
405 1881 598 1922 omnibus
620 1881 660 1922 in
682 1883 808 1923 rebus
829 1897 990 1923 summa
1010 1884 1277 1934 auctoritate,
1294 1889 1385 1925 tum
1408 1885 1555 1925 harum
1576 1885 1682 1940 ipsa-

89 1962 182 1988 rum
214 1947 354 2002 legum
385 1946 569 1987 ambitus
600 1950 774 1994 auctor;
811 1947 960 1988 deinde
996 1948 1150 1989 habere
1186 1949 1323 2003 coepit·
1356 1950 1495 1990 subito
1517 1956 1685 2004 praeter

92 2011 328 2067 opinionem
361 2011 556 2059 omnium,
580 2016 629 2052 ut
660 2026 713 2052 ne
749 2011 783 2051 si
817 2012 1050 2064 cogitasset
1083 2013 1251 2067 quidem
1287 2013 1493 2067 quispiam
1527 2014 1682 2068 largiri,

91 2076 263 2116 daretur
295 2075 475 2130 spatium
513 2075 796 2130 comparandi.
859 2076 1053 2117 Vocatae
1086 2077 1232 2126 tribus,
1271 2077 1403 2118 latum
1425 2078 1682 2131 suffragium,

91 2139 295 2189 diribitae,
316 2139 594 2180 renuntiatae.
644 2139 788 2195 Longe
802 2140 1025 2195 plurimum
1040 2141 1167 2182 valuit
1184 2141 1384 2183 Plancius
1400 2159 1408 2183 :
1435 2143 1545 2182 nulla
1561 2142 1684 2197 largi-

93 2252 148 2282 the
173 2252 247 2282 like.
294 2253 352 2282 ‘In
369 2253 472 2292 operis
487 2252 574 2283 esse'
593 2253 619 2283 is
641 2254 696 2283 the
719 2264 865 2285 common
910 2265 972 2294 you
988 2256 1049 2285 and
1071 2256 1215 2285 Plancius
1227 2256 1245 2291 ς’
1270 2266 1304 2285 as
1328 2256 1368 2285 he
1391 2256 1543 2294 explains.
1591 2256 1683 2285 Plan-

93 2295 274 2334 expression
289 2294 391 2334 (Verr.
408 2295 440 2324 ii.
455 2298 484 2330 3,
501 2305 527 2325 c.
545 2297 596 2331 41,
613 2296 675 2325 and
691 2296 746 2326 the
762 2297 864 2338 note),
911 2298 977 2327 cius
993 2308 1049 2328 can
1067 2298 1153 2327 show
1176 2299 1246 2328 how
1270 2299 1310 2327 he
1331 2302 1384 2337 got
1406 2299 1460 2328 1110
1480 2303 1567 2327 votes
1583 2299 1618 2328 of
1630 2299 1685 2328 1110

93 2337 154 2367 and
172 2341 179 2353 ⁴
194 2347 304 2376 operas
331 2337 404 2367 dare
417 2337 425 2350 ¹
451 2347 558 2367 means
581 2342 614 2367 to
638 2338 677 2367 be
700 2340 866 2380 employed
910 2340 1008 2370 tribes
1038 2341 1139 2370 which
1169 2341 1262 2370 voted
1290 2341 1338 2370 for
1367 2341 1431 2370 him
1462 2351 1495 2370 as
1526 2341 1620 2380 easily
1650 2351 1684 2370 ns

94 2379 142 2409 for
158 2380 212 2409 the
231 2379 390 2408 Publicani
408 2379 512 2418 (Verr.
528 2380 560 2409 ii.
577 2383 607 2416 2,
625 2390 650 2410 c.
668 2381 735 2420 70).
912 2383 1090 2413 Laterensis
1106 2394 1161 2413 can
1179 2384 1265 2413 show
1282 2384 1352 2413 how
1379 2383 1419 2413 he
1443 2388 1497 2422 got
1520 2385 1574 2413 the
1598 2387 1686 2413 votes

138 2421 363 2460 haesitantem]
413 2425 420 2438 ⁴
436 2422 671 2461 Floundering‚’
688 2433 721 2453 as
737 2433 783 2454 we
799 2434 863 2463 say,
910 2426 945 2454 of
956 2436 1017 2465 any
1034 2426 1070 2455 of
1082 2426 1135 2455 the
1151 2427 1258 2456 tribes.

96 2466 104 2481 ‘
118 2464 149 2493 111
166 2464 230 2492 this
247 2463 359 2501 charge
380 2464 417 2493 of
434 2465 614 2504 corrupting
635 2466 689 2495 the
705 2466 801 2496 tribes
825 2466 865 2506 by
952 2469 1004 2497 20.
1020 2469 1091 2506 jam
1108 2468 1342 2508 superioribus]
1391 2468 1459 2497 The
1477 2471 1483 2483 ‘
1495 2468 1636 2498 comitin'
1654 2468 1689 2497 of

95 2516 203 2536 means
227 2505 262 2534 of
295 2505 469 2542 Sodalicia‚’
501 2507 540 2536 he
567 2510 657 2537 turns
680 2509 781 2538 round
804 2509 865 2539 and
911 2510 964 2539 the
979 2510 1148 2549 preceding
1163 2521 1246 2550 year,
1266 2520 1329 2540 13.c.
1348 2513 1399 2546 55,
1417 2510 1519 2539 which
1536 2521 1615 2540 were
1631 2511 1684 2540 de-

95 2548 224 2585 charges
260 2547 404 2578 Plancius
437 2548 511 2578 with
542 2549 667 2589 bribery
697 2552 865 2590 generally,
910 2552 1012 2582 fei-red
1036 2553 1084 2582 for
1107 2563 1194 2582 sorno
1218 2563 1328 2583 reason
1353 2553 1456 2583 101110
1472 2563 1545 2592 yeni-
1564 2562 1625 2582 n.c.
1644 2555 1684 2582 54

95 2594 152 2620 not
168 2589 261 2628 being
276 2590 346 2619 able
370 2595 402 2619 to
423 2600 518 2629 prove
542 2591 611 2621 that
632 2592 672 2622 he
692 2603 753 2623 was
769 2594 866 2632 guilty
915 2593 982 2633 (see
1011 2595 1065 2625 1110
1096 2595 1345 2633 Introduction).
1390 2595 1459 2624 The
1487 2596 1595 2624 consul
1623 2604 1684 2623 was

96 2632 197 2662 under
212 2632 267 2661 the
284 2632 349 2661 Lex
368 2632 496 2662 Licinia.
913 2637 961 2666 M.
980 2637 1118 2667 Licinius
1133 2638 1275 2673 Crassus,
1292 2639 1362 2667 who
1379 2638 1536 2676 proposed
1553 2638 1607 2667 the
1620 2638 1683 2666 Lex

144 2675 245 2710 Quam
263 2675 320 2703 libi
337 2675 532 2704 commodum
549 2675 610 2714 est]
660 2679 667 2693 ¹
679 2676 750 2716 Any
767 2677 867 2707 tribus
912 2679 950 2708 dc
967 2680 1137 2709 Sodaliciis.

96 2726 157 2755 you
174 2717 279 2755 please
293 2716 311 2752 ;’
328 2726 347 2745 a
371 2726 514 2745 common
532 2716 611 2746 form
629 2717 664 2747 of
676 2720 866 2757 expression,
955 2722 1122 2761 diribitae]
1149 2722 1184 2751 T.
1203 2722 1240 2751 E.
1285 2722 1354 2751 The
1383 2731 1527 2751 common
1558 2721 1684 2753 reading

96 2768 131 2788 as
146 2759 178 2788 in
196 2759 284 2788 Verr.
301 2758 331 2787 ii.
349 2759 378 2790 3.
396 2769 422 2788 c.
444 2760 479 2788 14
496 2770 502 2787 :
529 2762 548 2775 ‘⁸
560 2764 712 2798 quantum
729 2771 867 2791 commo-
911 2762 937 2792 is
961 2766 969 2780 ⁴
983 2763 1179 2803 descriptae!
1226 2764 1317 2794 After
1341 2768 1347 2781 ¹
1362 2765 1505 2793 diribitae
1519 2764 1525 2776 '
1543 2762 1684 2791 Vk'undvr

97 2800 173 2830 dum
190 2805 238 2830 est
253 2800 443 2830 aufert.”-‘
456 2801 567 2839 pedem
579 2802 718 2831 conferre
731 2802 749 2832 :'
767 2813 867 2842 apro·
911 2805 1024 2834 inserts
1041 2809 1048 2822 ⁴
1062 2806 1217 2841 tabellae,'
1235 2807 1367 2836 because
1384 2812 1390 2822 ¹
1406 2806 1538 2835 dii-ibere
1554 2804 1560 2814 '
1579 2813 1683 2832 nwuns

97 2842 215 2872 vcrbial
249 2843 440 2881 expression.
490 2842 519 2872 It
549 2853 656 2873 means
686 2845 791 2884 nearly
815 2845 868 2875 1110
913 2849 920 2862 ¹
934 2847 1065 2877 tabeilas
1081 2849 1112 2877 in
1129 2849 1222 2877 cistas
1239 2849 1395 2886 conjectus
1418 2845 1605 2885 disponere?
1622 2844 1682 2872 mul

98 2893 184 2914 same
199 2895 232 2914 as
250 2888 257 2901 ⁸
272 2895 400 2914 manum
417 2885 635 2915 conferre.’—‘
650 2886 764 2925 Neque
787 2887 867 2922 erit,’
913 2891 921 2905 ¹
933 2889 1076 2919 diribitae
1088 2889 1095 2902 '
1128 2894 1244 2919 cannot
1271 2891 1309 2919 be
1331 2889 1455 2928 applied
1481 2893 1513 2917 to
1540 2892 1547 2902 ⁸
1559 2883 1681 2914 trihus.y

99 2928 156 2956 &c.
170 2938 178 2956 z
203 2931 210 2944 ⁴
224 2927 294 2958 Nor
309 2928 370 2957 will
387 2928 475 2958 these
491 2930 588 2958 terms
604 2927 642 2957 be
658 2928 804 2958 different
820 2929 868 2959 for
913 2930 978 2961 But
992 2931 1069 2962 then
1095 2931 1135 2962 he
1156 2942 1224 2962 sees
1247 2933 1316 2962 that
1332 2936 1339 2948 ⁴
1352 2930 1545 2961 renuntiatae
1560 2927 1567 2938 ’
1584 2928 1608 2956 is
1625 2927 1682 2954 1111-
