1816 3211
153 155 234 194 588
329 152 506 195 ORAT.
541 151 1054 194 PHILIPPIOARUM
1091 150 1276 192 LIBER
1309 151 1565 193 SEXTUS.

150 270 316 308 morae!
382 267 490 308 Nam
519 282 646 322 quum
679 267 888 322 plerisque
917 266 958 306 in
986 267 1110 306 rebus
1140 264 1333 320 gerendis
1364 265 1544 306 tarditas
1569 269 1613 306 et
1644 279 1738 320 pro-

153 332 397 374 crastinatio
434 333 579 373 odiosa
607 336 684 381 cst,
719 337 810 372 tum
844 331 923 371 hoc
959 331 1112 371 bellum
1145 329 1307 385 indiget
1336 329 1573 371 celeritatis.
1638 330 1740 370 Suc-

153 399 403 438 currendum
444 402 509 437 est
550 397 604 436 D.
643 396 790 445 Bruto,
836 409 979 436 omnes
1028 395 1209 449 undique
1262 394 1407 448 copiae
1457 394 1736 450 colligendae:

151 463 295 504 horam
332 462 526 503 exhibere
559 460 754 515 [nullam]
789 460 830 500 in
864 460 940 501 tali
977 460 1064 500 cive
1097 460 1312 500 liberando
1348 459 1436 499 sine
1472 460 1625 500 scelere
1658 473 1741 499 non

151 541 383 583 possumus.
446 526 516 565 An
543 525 609 565 ille
642 540 724 565 non
749 524 902 579 potuit,
925 525 958 565 si
983 524 1218 564 Antonium
1252 524 1475 572 consulem,
1505 524 1539 564 si
1565 524 1742 564 Galliam

152 591 329 633 Antonii
365 590 618 646 provinciam
654 590 901 645 judicasset,
944 590 1130 645 legiones
1173 589 1362 630 Antonio
1403 593 1447 629 et
1487 588 1743 643 provinciam

151 658 329 706 tradere,
355 656 524 696 domum
559 655 705 705 redire,
729 654 1000 709 triumphare,
1036 655 1193 709 primus
1226 654 1268 694 in
1300 653 1380 694 hoc
1417 653 1572 704 ordine,
1605 653 1743 708 quoad

150 722 448 777 magistratum
481 721 617 770 iniret,
653 720 907 762 sententiam
949 720 1114 761 dicere?
1156 719 1255 774 quid
1287 718 1445 774 negotii
1478 719 1585 760 suit?
1646 719 1740 767 Sed,

151 802 279 842 quum
309 801 353 828 se
376 786 556 827 Brutum
579 800 670 826 esse
699 785 959 827 meminisset
980 790 1228 840 vestraeque
1259 783 1446 825 libertati
1478 788 1638 833 natum,
1660 799 1743 824 non

151 853 238 894 otio
260 867 348 901 suo,
366 852 466 907 quid
488 851 575 906 egit
595 850 707 891 aliud
728 850 807 891 nisi
829 855 877 891 ut
899 865 1030 905 paene
1053 865 1226 905 corpore
1249 864 1324 890 suo
1349 849 1482 890 Gallia
1502 849 1744 904 prohiberet

152 917 413 959 Antonium?
475 916 546 957 Ad
579 917 687 956 1111110
719 920 861 956 utrum
897 916 1058 970 legatos
1093 931 1145 956 an
1181 915 1368 970 legiones
1400 915 1460 956 ire
1493 915 1744 970 oportebat?

154 983 237 1023 Sed
276 982 507 1038 praeterita
548 981 805 1022 omittamus.
882 980 1119 1036 Properent
1158 980 1299 1035 legati,
1341 980 1450 1035 quod
1490 980 1610 1021 video
1652 994 1744 1020 esse

150 1049 365 1089 facturos:
415 1062 488 1088 vos
525 1061 628 1101 saga
663 1051 822 1101 parate.
887 1045 970 1086 Est
1006 1046 1114 1086 enim
1153 1046 1213 1086 ita
1250 1046 1464 1086 decretum
1505 1049 1566 1095 ut,
1609 1044 1644 1085 si
1676 1045 1743 1086 ille

150 1112 397 1154 auctoritati
430 1116 604 1153 senatus
634 1125 718 1151 non
750 1110 973 1165 paruisset,
1003 1111 1057 1151 ad
1090 1125 1193 1165 saga
1228 1110 1372 1152 iretur.
1435 1110 1585 1151 Ibitur.
1648 1109 1745 1150 Non

150 1178 339 1233 parebit:
373 1192 450 1218 nos
471 1176 648 1218 amissos
669 1180 735 1217 tot
757 1175 846 1216 dies
868 1175 927 1215 rei
947 1175 1154 1229 gerendae
1176 1190 1410 1230 queremur.

210 1242 292 1283 IV.
326 1243 421 1283 Non
443 1246 599 1291 metuo,
624 1240 821 1294 QuiriteS,
846 1254 910 1290 ne,
935 1255 1062 1295 quum
1083 1240 1260 1281 audierit
1284 1240 1496 1281 Antonius
1516 1255 1582 1281 me
1603 1240 1682 1281 hoc
1703 1240 1745 1280 in

150 1313 301 1349 senatu
342 1312 387 1349 et
427 1307 470 1348 in
505 1306 700 1348 contione
736 1305 1005 1346 confirmasse
1045 1320 1272 1361 numquam
1313 1305 1428 1346 illum
1477 1306 1664 1346 futurum
1703 1305 1745 1345 in

149 1379 321 1415 senatus
342 1377 568 1428 potestate,
594 1371 806 1413 refellendi
828 1371 910 1412 mei
931 1387 1089 1422 caussa,
1113 1377 1161 1413 ut
1182 1386 1261 1427 ego
1289 1371 1390 1412 nihil
1414 1371 1567 1423 vidisse
1589 1370 1742 1419 videar,

150 1444 288 1481 vertat
309 1454 353 1480 se
375 1445 419 1479 et
440 1437 606 1479 senatui
628 1441 789 1493 pareat.
853 1437 1092 1492 Numquam
1119 1437 1272 1485 faciet3
1307 1451 1391 1477 non
1419 1435 1622 1477 invidebit
1650 1434 1745 1475 huic

149 1520 267 1546 meae
299 1504 483 1559 gloriae;
529 1503 659 1544 malet
695 1516 760 1543 me
793 1502 1027 1557 sapientem
1058 1517 1083 1544 a
1115 1502 1235 1543 vobis
1270 1517 1394 1557 quam
1430 1517 1475 1543 se
1509 1501 1746 1542 modestum

150 1569 395 1611 existimari.
458 1569 582 1621 Quid,
614 1568 703 1623 ipse
737 1567 771 1608 si
804 1567 915 1616 velit,
946 1583 1044 1608 num
1081 1567 1208 1609 etiam
1247 1567 1294 1608 L.
1318 1567 1489 1608 fratrem
1524 1579 1746 1622 passurum

149 1635 430 1677 arbitramur?
491 1633 636 1688 Nuper
672 1633 840 1688 quidem
871 1633 1023 1674 dicitur
1061 1633 1116 1673 ad
1151 1632 1295 1681 Tibur,
1330 1637 1379 1673 ut
1419 1632 1576 1686 opinor,
1619 1644 1746 1685 quum

150 1700 189 1741 ei
229 1700 370 1741 labare
410 1700 472 1740 M.
502 1698 717 1740 Antonius
753 1697 976 1747 videretur,
1010 1703 1189 1739 mortem
1229 1698 1349 1738 fratri
1385 1711 1477 1738 esse
1511 1696 1744 1737 minitatus.

153 1765 351 1807 Etiamne
384 1765 437 1805 ab
469 1764 547 1804 hoc
574 1762 822 1804 mirmillone
845 1762 1042 1804 Asiatico
1075 1767 1247 1804 senatus
1279 1762 1489 1812 mandata,
1512 1761 1745 1816 legatorum

188 1904 300 1933 horam
312 1903 461 1933 exhibere
470 1902 643 1942 [nullam]]
655 1902 723 1932 The
733 1902 926 1932 MSS.read-

151 1947 222 1985 ing3
240 1948 259 1962 ‘⁴
270 1948 409 1976 eximere
424 1946 495 1975 edd.
512 1956 549 1975 ex
563 1946 741 1984 conjectura
754 1945 874 1975 Budaei
893 1949 927 1975 ut

151 1990 276 2020 videtur
285 1988 304 2002 '⁷
323 1989 463 2028 (Halm),
481 1989 550 2018 who
560 1989 616 2018 has
629 1992 636 2005 ⁴
645 1989 754 2018 horam
766 1988 926 2018 eximere!

200 2031 374 2071 [nullam]]
424 2032 563 2062 Faernus
594 2032 695 2061 shows
734 2032 804 2061 that
841 2035 848 2048 ⁴
861 2032 926 2061 exi-

151 2085 237 2105 mere
253 2075 334 2104 diem
347 2076 354 2089 ³
370 2076 396 2105 is
412 2074 466 2104 the
483 2085 566 2104 same
577 2085 610 2104 as
625 2078 632 2092 ⁴
646 2074 778 2110 tollere‚’
804 2078 811 2091 ⁴
824 2078 926 2104 extra-

152 2119 227 2148 here
243 2116 348 2148 diem.'
395 2117 504 2147 Cicero
529 2128 608 2157 says,
625 2118 673 2147 for
688 2118 840 2154 instance,
857 2118 927 2147 Me-

152 2162 245 2191 tellus
272 2161 462 2190 “calumnia
485 2161 607 2190 dicendi
631 2164 757 2200 ternpus
774 2159 926 2190 exemit.'’

152 2204 221 2234 The
236 2204 284 2234 ed.
298 2204 378 2233 Ven.
392 2214 420 2233 a.
436 2205 517 2239 1474
528 2204 584 2233 has
602 2207 608 2220 ⁴
624 2204 718 2233 ullam
734 2204 740 2217 ¹
765 2204 814 2233 for
838 2207 845 2220 ⁴
858 2203 928 2233 nul-

153 2246 240 2276 lam.'
285 2246 491 2285 Wesenberg,
513 2247 630 2286 quoted
648 2246 689 2286 by
708 2247 815 2283 Halm,
845 2256 926 2286 sayS,

155 2293 174 2306 ⁴⁴
189 2290 272 2319 That
305 2289 434 2328 nobody
462 2290 524 2319 will
558 2300 629 2319 now
661 2290 796 2319 hesitate
831 2289 929 2319 about

154 2332 255 2362 either
281 2332 404 2371 writing
431 2335 438 2348 ⁴
450 2332 546 2361 ullam
558 2333 565 2346 ⁷
594 2335 681 2371 (cum
698 2333 769 2362 edd.
787 2332 877 2371 vet.),
894 2342 929 2362 or

154 2375 231 2404 with
248 2374 412 2404 Manutius
428 2377 461 2404 to
478 2385 563 2405 erase
580 2376 635 2405 the
660 2378 667 2391 ⁴
680 2375 767 2412 n0n‚'
785 2375 887 2405 which
903 2375 929 2404 is

154 2417 261 2447 before
279 2420 285 2432 ⁴
298 2416 488 2456 possumus‚’
512 2428 548 2448 or
569 2421 602 2448 to
619 2418 697 2448 omit
713 2420 721 2434 ⁴
735 2417 878 2454 nullam,'
895 2427 929 2448 as

154 2460 196 2490 he
211 2459 410 2490 does.'’--As
419 2463 452 2489 to
470 2463 476 2477 ⁴
491 2471 555 2490 non
570 2461 577 2475 '
595 2461 705 2491 before
718 2463 725 2477 ⁴
737 2460 930 2500 possumus‚'

155 2513 201 2532 we
218 2502 302 2532 can’t
320 2505 372 2541 get
395 2503 443 2532 rid
467 2503 503 2532 of
515 2504 584 2534 that
604 2504 645 2543 by
661 2515 722 2543 any
738 2504 796 2534 fair
809 2514 928 2533 means.

156 2546 189 2576 It
203 2545 339 2575 remains
355 2545 430 2574 then
446 2548 479 2574 to
492 2547 579 2576 write
598 2550 604 2563 ⁴
618 2547 715 2576 ullam
730 2547 737 2560 '
755 2557 790 2576 or
802 2550 835 2576 to
852 2547 931 2576 omit

158 2587 319 2618 ‘nullam.'
365 2588 434 2617 The
458 2588 608 2628 difficulty
632 2590 658 2619 is
685 2590 717 2619 in
741 2588 930 2620 ⁴exhibere.'

156 2631 303 2661 Muretus
326 2640 395 2670 says
417 2630 486 2660 that
500 2631 540 2660 he
556 2642 612 2661 can
630 2633 721 2661 make
743 2633 878 2671 nothing
898 2632 933 2662 of

158 2678 166 2692 ⁴
179 2673 351 2704 exhibere.’
397 2673 571 2703 Lambinus
601 2685 752 2714 proposes
779 2678 812 2705 to
842 2676 931 2705 write

158 2720 166 2734 ⁴
178 2717 286 2746 horam
317 2715 470 2746 excubare
500 2717 644 2746 nullam.'
698 2717 808 2747 Ursini
837 2728 907 2757 says
921 2730 928 2747 ε

159 2762 178 2777 ‘⁴
191 2760 245 2790 sed
258 2759 368 2788 Faerni
381 2758 473 2788 lectio
485 2759 674 2788 contrarium
687 2769 812 2789 sensum
830 2761 930 2790 facere

157 2803 298 2838 videtur3
322 2812 395 2831 nam
408 2801 461 2841 qui
474 2802 583 2831 eximit
599 2802 708 2831 horam
724 2802 755 2831 in
769 2803 930 2833 liberando

158 2846 249 2875 citius
279 2844 409 2874 liberare
432 2844 574 2874 videtur:
614 2845 668 2883 qui
701 2848 807 2875 autem
844 2847 931 2876 addit

158 2888 280 2925 horam,
310 2887 429 2918 tardius
459 2890 554 2927 atque
584 2887 654 2917 ideo
691 2897 763 2917 cum
802 2889 931 2919 scelere.

970 1902 1053 1933 Mihi
1076 1902 1252 1932 molestiam
1280 1901 1411 1932 exhibet
1427 1901 1506 1931 illud
1523 1902 1673 1931 exhibere
1689 1901 1742 1930 ho-

970 1956 1052 1982 ram,
1073 1956 1169 1985 quare
1185 1945 1291 1974 malim
1305 1955 1427 1974 moram
1444 1945 1594 1974 exhibere
1609 1943 1744 1974 ullam.”

971 1989 1111 2019 Faernus
1127 1988 1267 2018 retained
1283 1988 1361 2017 both
1375 1991 1381 2004 ⁴
1396 1988 1516 2017 nullam
1530 1986 1538 2000 ’
1549 1987 1611 2017 and
1629 1990 1636 2004 ⁴
1649 1997 1713 2016 non
1726 1986 1745 2023 ;'

970 2032 1031 2061 and
1049 2032 1183 2071 perhaps
1201 2031 1240 2060 he
1258 2041 1334 2070 gave
1350 2031 1413 2060 this
1430 2030 1577 2069 meaning
1591 2042 1597 2059 :
1617 2030 1686 2059 ‘for
1700 2039 1747 2059 we

971 2078 1086 2105 cannot
1096 2078 1200 2111 waste,
1214 2077 1271 2104 not
1286 2084 1305 2103 a
1320 2075 1419 2113 single
1431 2074 1522 2109 hour,
1536 2074 1568 2102 in
1581 2073 1747 2111 liberating

972 2118 1049 2147 such
1071 2128 1090 2147 a
1105 2117 1398 2147 citizen—without
1413 2127 1432 2146 a
1455 2117 1549 2146 crime
1565 2126 1610 2146 we
1632 2119 1747 2146 cannot

971 2161 1011 2190 do
1042 2160 1088 2191 it!
1136 2160 1288 2191 Graevius
1320 2170 1414 2199 says:
1447 2159 1593 2189 “vellem
1622 2159 1746 2188 docuis-

972 2207 1043 2234 sent
1069 2204 1122 2243 qui
1147 2204 1313 2233 lectionem
1330 2203 1488 2242 vulgatam
1511 2202 1649 2232 retinent
1672 2201 1747 2241 quid

972 2247 1012 2277 sit
1043 2247 1165 2276 Latinis
1202 2247 1315 2276 horam
1353 2247 1475 2275 nullam
1506 2246 1656 2274 exhibere
1692 2247 1748 2274 aut

972 2290 1048 2329 quid
1086 2290 1127 2319 sit
1161 2299 1284 2319 moram
1317 2288 1636 2327 exhibere—Itaque
1674 2297 1748 2317 cum

973 2333 1105 2368 Faerno,
1140 2332 1279 2368 Mureto,
1314 2332 1480 2367 Lambino,
1519 2330 1666 2361 Manutio
1698 2340 1747 2360 re-

973 2376 1042 2415 cepi
1070 2374 1245 2405 eoeimere.”
1294 2375 1309 2404 I
1334 2378 1451 2404 cannot
1482 2374 1534 2404 tell
1557 2373 1641 2403 what
1668 2373 1747 2403 ‘ho-

972 2428 1038 2448 ram
1064 2418 1211 2448 011111ὸοΥο
1234 2417 1372 2447 1111113111’
1390 2427 1508 2447 means.
1546 2415 1747 2446 ‘Exhibere’

973 2471 1081 2491 means
1120 2464 1154 2491 to
1192 2460 1325 2500 display,
1364 2463 1397 2490 to
1432 2459 1580 2499 produce,
1612 2462 1644 2489 to
1674 2469 1745 2498 pre-

973 2507 1054 2534 sent.
1115 2504 1262 2534 ‘Moram
1293 2503 1461 2533 exhibere'
1492 2503 1519 2532 is
1546 2502 1683 2542 perhaps
1712 2511 1747 2532 as

973 2546 1160 2586 intelligible
1176 2556 1209 2576 as
1227 2550 1234 2563 ⁴
1246 2546 1440 2585 diligentiam
1457 2544 1625 2580 exhibere‚'
1643 2544 1747 2574 which

972 2591 999 2620 is
1024 2590 1130 2620 Latin.
1175 2590 1246 2620 Nor
1266 2589 1306 2619 do
1324 2589 1339 2619 Ι
1357 2589 1424 2619 well
1449 2587 1644 2618 understand
1670 2588 1679 2603 ⁴
1692 2597 1746 2617 ex-

974 2632 1095 2663 imere.’

1011 2677 1140 2715 primus
1158 2697 1165 2704 .
1185 2697 1192 2704 .
1211 2697 1219 2704 .
1236 2675 1350 2712 iniret]
1399 2674 1461 2704 For
1481 2674 1522 2703 D.
1541 2673 1659 2703 Brutus
1683 2682 1745 2702 was

974 2728 1043 2748 now
1069 2718 1189 2748 Consul
1213 2717 1404 2757 designatus,
1429 2717 1491 2747 and
1513 2717 1567 2746 the
1587 2715 1746 2753 colleague

973 2761 1009 2791 of
1021 2761 1058 2791 L.
1078 2761 1220 2790 Plancus.

1017 2814 1093 2842 saya
1110 2802 1244 2842 parate]
1295 2802 1346 2832 He
1362 2813 1432 2841 says
1449 2804 1556 2841 “saga
1578 2800 1660 2830 sumi
1676 2800 1746 2830 dico

974 2845 1155 2887 oportere,’'
1174 2846 1254 2875 Phil.
1271 2856 1300 2876 v.
1318 2855 1344 2875 c.
1364 2847 1413 2876 12.

1019 2891 1048 2919 4.
1073 2889 1266 2919 mirmillone
1295 2887 1458 2927 Asiatico]
1499 2885 1545 2917 As
1581 2885 1621 2916 he
1658 2885 1746 2916 often
