1816 3211
675 200 808 244 OAP.
833 201 1015 242 28—30.
1560 202 1641 244 269

99 312 266 354 XXX.
288 312 571 369 Respondebo
585 314 661 357 tibi
675 329 796 362 nunc,
814 314 1068 364 Laterensis,
1081 313 1217 355 minus
1229 314 1410 355 fortasse
1423 314 1642 355 vehemen-

40 383 106 420 ter
127 393 252 434 quam
265 379 341 419 abs
362 384 405 420 te
420 395 511 421 sum
525 385 779 435 provocatus
794 397 804 428 ;
840 380 914 421 sed
927 380 1118 435 profecto
1135 395 1212 421 nec
1230 379 1492 420 considerate
1505 379 1642 419 minus

19 441 22 443 Α
40 459 118 485 nec
134 443 272 485 minus
281 444 427 485 amice.
462 445 573 486 Nam
585 445 765 501 primum
782 444 883 485 illud
896 445 976 486 fuit
988 444 1188 500 asperius,
1199 459 1265 485 me
1282 459 1388 500 quae
1406 444 1456 485 de
1467 444 1643 484 Plancio

41 509 224 549 dicerem
244 509 413 550 mentiri
435 515 478 551 et
499 510 700 565 temporis
723 525 871 551 caussa
896 510 1067 563 fingere.
1131 510 1302 551 Scilicet
1323 510 1447 550 homo
1478 509 1644 564 sapiens

42 573 291 628 excogitavi,
315 576 584 629 quamobrem
598 575 759 616 viderer
772 575 964 615 maximis
982 575 1175 616 beneficii
1197 574 1374 615 vinculis
1396 574 1643 624 obstrictus,

43 654 171 693 quum
201 639 307 680 liber
342 654 478 681 essem
512 645 555 681 et
586 640 764 681 solutus.
827 639 937 692 Quid
967 639 1078 681 enim
1113 639 1213 679 mihi
1246 640 1300 680 ad
1336 631 1644 680 defendendum

47 704 269 745 Plancium
284 719 433 759 parum
448 706 619 755 multae,
639 720 788 760 parum
804 705 947 759 justae
969 704 1305 746 necessitudines
1327 710 1449 745 erant
1469 704 1644 745 familia-

45 769 199 820 ritatis,
223 769 468 819 vicinitatis,
492 769 627 825 patris
660 770 900 811 amicitian
961 770 1079 822 Quae
1112 769 1148 810 si
1169 784 1252 810 non
1284 774 1439 819 essent,
1463 784 1642 820 vererer,

47 835 186 882 credo,
208 849 260 875 ne
280 835 465 890 turpiter
484 835 680 884 facerem,
704 834 739 875 si
760 835 840 875 hoc
863 835 1086 889 splendore
1117 839 1161 876 et
1182 835 1262 875 hac
1284 834 1492 890 dignitate
1514 834 1644 875 homi-

46 915 143 941 nem
163 900 442 941 defenderem.
506 900 727 955 Fingenda
747 899 828 941 fuit
847 899 949 940 mihi
969 899 1165 941 videlicet
1187 914 1337 940 caussa
1358 904 1573 955 peracuta,
1597 904 1646 941 ut

47 965 86 1006 ei
108 980 233 1020 quem
251 965 354 1006 mihi
376 966 529 1006 debere
551 969 769 1019 oporteret
791 979 869 1019 ego
890 979 957 1005 me
989 964 1128 1005 omnia
1149 965 1302 1005 debere
1323 964 1520 1006 dicerem.
1582 964 1647 1006 At

47 1030 90 1071 id
125 1030 255 1072 etiam
290 1030 474 1086 gregarii
506 1030 662 1071 milites
701 1029 863 1070 faciunt
909 1029 1040 1080 inviti,
1076 1034 1125 1071 ut
1166 1044 1365 1070 coronam
1406 1030 1508 1071 dent
1549 1029 1646 1070 civi-

48 1109 141 1136 cam
162 1100 206 1136 et
239 1110 284 1136 se
312 1097 365 1136 ab
399 1095 539 1150 aliquo
573 1100 765 1136 servatos
798 1110 891 1135 esse
923 1095 1167 1144 fateantur;
1203 1110 1285 1136 non
1318 1109 1400 1150 quo
1430 1100 1556 1150 turpe
1590 1095 1647 1136 sit

47 1165 291 1215 protectum
311 1160 353 1200 in
374 1161 465 1201 acie
487 1175 539 1200 ex
571 1160 757 1201 hostium
776 1160 970 1201 manibus
992 1160 1253 1215 eripi—nam
1284 1160 1326 1200 id
1346 1160 1541 1201 accidere
1562 1160 1644 1201 nisi

47 1225 147 1265 forti
168 1225 256 1265 viro
293 1230 337 1266 et
367 1225 572 1280 pugnanti
596 1225 785 1265 cominus
816 1240 899 1265 non
929 1226 1210 1280 potest—sed
1239 1240 1343 1265 onus
1364 1225 1558 1266 beneficii
1580 1240 1643 1266 re-

49 1289 291 1339 formidant,
315 1290 427 1344 quod
459 1304 736 1344 permagnum
758 1294 825 1331 est
852 1289 987 1330 alieno
1011 1291 1163 1331 debere
1192 1290 1303 1331 idem
1331 1291 1443 1345 quod
1465 1290 1645 1345 parenti.

51 1354 158 1407 Ego,
195 1369 323 1409 quum
356 1355 487 1396 ceteri
522 1369 619 1395 vera
655 1355 858 1396 beneficia
903 1356 1033 1396 etiam
1068 1356 1231 1396 minora
1276 1355 1552 1405 dissimulent,
1595 1370 1648 1397 ne

49 1419 225 1473 obligati
243 1435 336 1460 esse
357 1419 591 1468 videantur,
616 1435 665 1460 eo
701 1435 768 1460 me
790 1420 994 1460 beneficio
1027 1420 1282 1462 obstrictum
1311 1435 1404 1461 esse
1426 1420 1645 1471 ementior,

50 1484 116 1525 cui
137 1499 189 1525 ne
210 1485 355 1525 referri
370 1485 537 1539 quidem
550 1484 689 1539 gratia
706 1499 831 1539 posse
848 1485 1065 1526 videatur?
1112 1486 1181 1525 An
1200 1486 1277 1526 hoc
1300 1491 1360 1533 tu,
1388 1485 1646 1535 Laterensis,

48 1549 247 1603 ignoras?
278 1549 361 1604 qui,
401 1564 529 1604 quum
558 1549 659 1589 mihi
686 1564 802 1590 esses
833 1549 1126 1599 amicissimus,
1162 1565 1289 1605 quum
1318 1551 1381 1591 vel
1415 1551 1649 1605 periculum

48 1614 159 1655 vitae
180 1619 280 1655 tuae
302 1629 467 1654 mecum
489 1614 651 1654 sociare
672 1614 889 1664 voluisses,
915 1629 1043 1668 quum
1056 1629 1123 1655 me
1138 1615 1178 1654 in
1201 1615 1270 1655 illo
1292 1615 1407 1656 tristi
1430 1621 1473 1656 et
1495 1616 1649 1657 acerbo

47 1679 166 1720 luctu
197 1684 326 1734 atque
356 1679 546 1719 discessu
567 1694 650 1720 non
680 1679 864 1719 lacrimis
895 1679 1030 1719 solum
1063 1679 1160 1729 tuis,
1185 1680 1260 1720 sed
1281 1680 1432 1729 animo,
1458 1695 1646 1735 corpore,

49 1743 181 1799 copiis
203 1749 454 1799 prosecutus
477 1758 606 1792 esses,
630 1758 758 1798 quum
778 1758 896 1785 meos
917 1743 1072 1784 liberos
1095 1749 1139 1785 et
1170 1759 1344 1785 uxorem
1374 1761 1441 1786 me
1473 1747 1650 1787 absente

48 1809 134 1851 tuis
156 1809 307 1865 opibus
339 1809 580 1864 auxilioque
617 1808 892 1858 defendisses,
931 1808 992 1849 sic
1028 1823 1195 1849 mecum
1227 1825 1393 1865 semper
1429 1810 1568 1865 egisti,
1607 1815 1650 1851 tc

48 1874 149 1915 mihi
186 1874 404 1916 remittere
440 1879 570 1929 atque
604 1873 836 1915 concedere
865 1877 913 1914 ut
950 1888 1071 1914 omne
1103 1874 1291 1915 studium
1326 1889 1465 1915 meum
1499 1875 1540 1914 in
1574 1875 1649 1915 Cn.

51 1939 215 1980 Plancii
247 1939 405 1980 honore
426 1954 728 1989 consumerem,
753 1939 867 1992 quod
894 1938 985 1993 ejus
1015 1938 1059 1978 in
1088 1953 1155 1979 me
1186 1939 1384 1980 meritum
1418 1939 1497 1980 tibi
1520 1939 1649 1981 etiam

50 2004 130 2059 ipsi
152 2009 320 2059 gratum
357 2019 450 2045 esse
487 2004 672 2045 dicebas.
735 2003 850 2043 Nihil
871 2008 1027 2044 autem
1057 2018 1124 2044 me
1157 2003 1265 2054 novi,
1305 2004 1406 2044 nihil
1443 2004 1648 2060 temporis

50 2083 201 2110 caussa
236 2068 386 2119 dicere,
410 2084 547 2110 nonne
584 2068 712 2110 etiam
748 2072 816 2109 est
843 2067 913 2108 illa
944 2067 1071 2109 testis
1105 2069 1253 2119 oratio,
1291 2083 1398 2123 quae
1427 2075 1494 2110 est
1526 2084 1551 2110 a
1582 2083 1650 2110 me

50 2133 185 2189 prima
205 2133 352 2175 habita
372 2134 414 2174 in
430 2135 609 2175 senatu?
639 2133 681 2174 in
703 2147 787 2188 qua
803 2148 931 2188 quum
953 2133 1179 2188 perpaucis
1199 2133 1447 2174 nominatim
1469 2134 1651 2189 egissem

52 2251 251 2290 subjunctive
287 2251 392 2282 mood.
439 2251 491 2282 On
526 2252 627 2282 which
654 2251 670 2282 1
701 2252 826 2282 remark

51 2295 122 2324 that
145 2293 264 2333 ‘quae'
288 2295 314 2324 is
341 2298 397 2324 not
420 2298 477 2334 put
503 2295 552 2325 for
577 2298 693 2335 ‘quum
708 2295 726 2324 :'
751 2295 777 2325 it
800 2295 826 2325 is

53 2340 112 2376 put
127 2336 175 2366 sor
191 2337 274 2366 what
289 2337 314 2367 it
329 2337 355 2367 is
369 2349 376 2373 3
400 2347 458 2366 nor
480 2348 537 2367 can
553 2347 615 2378 any
631 2347 744 2378 person
760 2338 827 2368 find

52 2389 71 2410 a
86 2379 236 2418 difficulty
252 2379 350 2409 about
370 2380 432 2410 this
456 2380 654 2419 subjunctive
675 2381 745 2411 who
770 2381 826 2410 has

51 2422 126 2452 read
150 2432 168 2451 a
189 2422 246 2451 few
270 2422 305 2452 of
325 2422 464 2453 Cicero's
489 2423 627 2453 orations
648 2423 722 2453 with
744 2433 824 2454 care.

52 2465 156 2495 There
169 2465 194 2494 is
205 2474 243 2494 an
257 2465 400 2504 example
412 2465 443 2495 in
459 2475 485 2495 c.
497 2467 549 2501 30,
564 2470 583 2483 ‘⁶
596 2467 645 2496 cui
661 2466 739 2496 nihil
753 2491 760 2497 .
772 2489 779 2496 .
794 2489 802 2496 .
816 2489 824 2497 .

53 2505 291 2537 deberem.”—⁴
303 2507 456 2537 modestia
469 2508 489 2537 :’
507 2511 514 2524 ‘
528 2508 598 2538 that
613 2509 668 2539 the
683 2509 826 2539 modera-

51 2550 119 2580 tion
144 2549 180 2579 of
202 2549 250 2579 his
274 2550 411 2579 enemies
438 2551 607 2590 preventcd
631 2551 718 2582 them
744 2551 825 2581 from

52 2592 242 2632 atteinpting
259 2592 307 2621 his
324 2592 399 2622 life!
445 2592 483 2623 T.
501 2593 538 2622 E.
555 2594 617 2623 and
634 2604 721 2624 some
737 2594 828 2624 other

51 2635 148 2665 MSS.
166 2635 244 2665 have
261 2637 268 2651 ‘
281 2634 444 2673 molestia,’
461 2645 480 2665 a
495 2635 570 2665 false
592 2636 721 2676 reading
737 2637 827 2667 with-

51 2681 108 2708 out
122 2687 183 2717 any
200 2687 290 2707 sense
308 2677 339 2706 in
356 2677 391 2707 it.

95 2722 146 2751 30.
173 2721 325 2759 temporis
352 2719 481 2759 caussa]
531 2719 589 2750 See
617 2720 729 2757 Index,
754 2720 827 2752 Vol.

51 2761 360 2793 iii.—‘vicinitatis:’
386 2772 437 2791 sec
462 2772 488 2791 c.
519 2763 725 2802 10.—‘qucin
752 2786 759 2793 .
786 2786 793 2793 .
818 2786 826 2794 .

51 2805 240 2845 oporteret?
271 2809 278 2822 ⁴
294 2805 362 2834 who
387 2814 449 2834 was
475 2804 575 2834 under
599 2805 652 2834 tho
675 2806 827 2846 necessity

51 2849 87 2878 ot'
100 2848 193 2887 being
209 2848 308 2878 under
323 2847 512 2886 obligations
525 2852 557 2877 to
574 2857 623 2877 me
635 2846 654 2884 ;'
671 2850 704 2878 to
720 2848 829 2879 Cicero

51 2890 122 2921 who
138 2900 200 2921 was
217 2890 385 2929 defending
400 2890 477 2920 him.

97 2933 264 2974 coronam]
320 2933 390 2963 The
428 2932 533 2963 Schol.
571 2931 719 2964 Ambros.
759 2942 830 2973 says

870 2252 940 2282 that
955 2262 973 2282 a
990 2255 997 2268 ⁴
1009 2262 1124 2283 corona
1142 2253 1238 2283 civica
1252 2251 1259 2266 ’
1275 2263 1337 2282 was
1354 2255 1362 2270 ⁴
1373 2252 1412 2283 dc
1427 2253 1568 2290 gramine.
1584 2253 1650 2283 fieri

871 2296 964 2325 solita
980 2295 998 2329 ς’
1015 2295 1074 2325 but
1087 2296 1150 2326 this
1164 2306 1226 2326 was
1242 2307 1259 2326 a
1273 2300 1280 2313 ¹
1290 2306 1405 2326 corona
1422 2296 1649 2332 obsidionalis‚’

869 2348 904 2368 as
921 2338 1041 2369 Gellius
1059 2338 1105 2378 (v.
1123 2338 1157 2379 6)
1175 2339 1247 2369 tells
1263 2349 1318 2368 us:
1338 2342 1356 2356 ‘⁴
1372 2339 1585 2369 Obsidionulis
1598 2362 1604 2369 .
1619 2362 1626 2369 .
1642 2362 1649 2369 .

870 2391 985 2411 corona
1000 2382 1161 2420 graminea
1173 2382 1258 2412 est.”
1304 2382 1372 2412 The
1392 2386 1399 2399 ⁴
1414 2382 1529 2412 civiea'
1549 2386 1568 2399 ‘⁴
1583 2383 1617 2412 fit
1634 2392 1651 2412 e

871 2424 982 2454 fronde
997 2434 1117 2464 querna
1134 2447 1141 2454 .
1161 2447 1168 2454 .
1186 2448 1193 2455 .
1212 2447 1219 2454 .
1237 2425 1330 2455 etiam
1348 2435 1385 2455 cx
1401 2425 1505 2455 ilice.”

915 2470 946 2497 te
961 2469 1040 2497 milli
1056 2467 1237 2507 remittere]
1290 2468 1341 2498 He
1365 2478 1442 2506 gave
1468 2468 1578 2498 Cicero
1601 2467 1650 2498 his

870 2509 928 2539 full
945 2510 1130 2549 permission
1155 2514 1189 2540 to
1214 2521 1270 2540 uso
1295 2511 1336 2540 all
1361 2511 1409 2540 his
1430 2511 1587 2540 exertions
1603 2511 1650 2540 fm-

872 2552 1028 2582 Plancius'
1051 2553 1203 2589 election;
1227 2553 1276 2583 for
1302 2553 1480 2583 Laterensis
1501 2553 1649 2592 thought.

872 2605 906 2625 as
922 2595 1067 2625 Wunder
1091 2596 1233 2635 explains
1256 2596 1291 2632 it,
1316 2596 1387 2626 that
1411 2597 1459 2625 his
1482 2596 1555 2634 high
1572 2595 1648 2625 rank

872 2638 977 2668 would
993 2638 1089 2678 easily
1105 2648 1213 2669 secure
1229 2639 1277 2669 his
1294 2639 1427 2669 election
1450 2639 1573 2678 against
1588 2648 1649 2677 any

873 2680 965 2710 other
981 2681 1155 2711 candidate.

912 2725 1023 2762 prima
1041 2724 1168 2764 habita]
1217 2724 1276 2753 See
1300 2723 1355 2753 the
1380 2723 1598 2753 Introduction
1616 2725 1648 2750 to

871 2765 925 2795 the
942 2766 1049 2798 Quum
1071 2767 1212 2800 Senatui,
1229 2767 1301 2795 vol.
1319 2767 1360 2796 iii.
1411 2767 1460 2795 llc
1477 2776 1546 2804 says
1565 2770 1570 2780 ¹
1590 2765 1647 2792 R.»-

872 2807 986 2838 citetur
1000 2809 1123 2844 orntio‚'
1140 2809 1197 2838 but
1213 2809 1252 2838 hc
1269 2819 1387 2841 means.
1402 2818 1471 2846 says
1489 2806 1647 2839 (zm-moni.

873 2851 948 2890 only
963 2861 982 2881 a
997 2855 1067 2891 part
1083 2851 1118 2881 of
1132 2852 1166 2886 it,
1183 2861 1210 2881 c.
1231 2853 1268 2881 1⁴
1283 2854 1348 2891 (see
1365 2851 1418 2879 tho.
1435 2852 1534 2886 noto).
1566 2848 1646 2885 Ver>-

873 2892 954 2923 little
975 2894 1078 2923 would
1106 2894 1215 2933 sat-isfy
1238 2894 1293 2923 the
1308 2893 1447 2926 Judices,
1473 2890 1499 2920 if
1520 2891 1544 2918 it
1568 2898 1648 2917 weru

873 2934 928 2965 the
943 2936 1067 2966 oration
1086 2936 1189 2967 which
1212 2946 1257 2966 we
1280 2945 1349 2965 now
1365 2935 1452 2964 have.
1500 2931 1648 2962 Garatoni
