1816 3211
178 166 258 210 574
339 164 518 207 ORAT.
553 162 1067 205 PHILIPPICARUM
1105 161 1290 202 LIBER
1322 161 1613 214 QUINTUS.

173 279 438 335 exspectatio
473 278 782 320 dubitationem
816 276 913 317 belli
945 275 1081 317 affert.

175 350 320 401 potest
341 344 526 386 studium
549 358 639 384 esse
661 343 879 383 delectus?

236 411 530 463 Quamobrem,
573 413 717 462 patres
767 406 1006 461 conscripti,
1049 406 1286 460 legatorum
1325 405 1581 447 mentionem
1620 406 1774 447 nullam

175 490 325 517 censeo
347 474 605 514 faciendam:
640 486 728 512 rem
749 471 1124 512 administrandam
1145 471 1327 511 arbitror
1355 470 1444 511 sine
1472 471 1554 511 ulla
1583 486 1699 512 mora
1729 476 1773 512 et

176 539 397 581 confestim
433 537 659 592 gerendam
696 551 872 584 censeo3
912 536 1140 577 tumultum
1176 535 1357 584 decerni,
1383 536 1598 590 justitium
1634 536 1771 586 indici,

175 620 279 660 saga
309 603 416 644 sumi
446 603 537 643 dico
566 607 775 657 oportere,
801 602 1010 643 delectum
1039 601 1182 642 haberi
1213 601 1393 642 sublatis
1415 601 1701 642 vacationibus
1731 601 1773 642 in

175 672 275 711 urbe
296 674 339 711 et
359 669 400 709 in
424 668 550 709 Italia
571 673 741 723 praeter
763 667 943 708 Galliam
965 671 1070 708 tota.
1133 666 1251 718 Quae
1279 666 1314 707 si
1343 672 1466 708 erunt
1486 667 1613 716 facta,
1636 666 1773 722 opinio

175 735 266 790 ipsa
287 739 330 776 et
358 735 470 777 fama
491 738 658 775 vestrae
687 733 925 774 severitatis
954 733 1105 773 obruet
1134 732 1330 773 scelerati
1360 732 1608 787 gladiatoris
1634 746 1774 772 amen-

175 801 293 842 tiam.
357 799 521 840 Sentiet
553 798 632 847 sibi
664 799 818 839 bellum
849 813 945 839 cum
975 812 1019 838 re
1041 797 1207 853 publica
1228 812 1319 839 esse
1341 803 1612 853 susceptum3
1647 811 1772 851 expe-

174 867 308 908 rietur
328 865 631 907 consentientis
652 869 826 905 senatus
848 878 997 904 nervos
1018 868 1147 918 atque
1168 863 1303 911 vires;
1338 878 1435 904 nam
1466 878 1576 904 nunc
1608 862 1774 918 quidem

175 932 362 988 partium
402 930 713 972 contentionem
754 944 845 970 esse
887 928 1070 970 dictitat.
1132 929 1319 981 Quarum
1359 928 1574 983 partium?
1634 927 1772 969 Alteri

174 997 276 1039 victi
309 1001 420 1047 sunt,
454 995 578 1037 alteri
614 1000 714 1037 sunt
747 1009 768 1036 e
805 994 954 1035 mediis
984 993 1029 1034 C.
1055 993 1248 1035 Caesaris
1277 993 1493 1049 partibus;
1543 992 1622 1033 nisi
1663 993 1772 1033 forte

176 1062 370 1104 Caesaris
401 1066 545 1117 partes
575 1076 600 1101 a
624 1061 766 1101 Pansa
792 1065 835 1100 et
859 1059 1002 1100 Hirtio
1024 1059 1265 1100 consulibus
1287 1064 1330 1100 et
1351 1073 1375 1099 a
1402 1058 1486 1098 filio
1509 1058 1555 1099 C.
1580 1057 1773 1099 Caesaris

176 1127 405 1183 oppugnari
427 1131 637 1182 putamus.
702 1125 797 1166 Hoc
819 1140 917 1166 vero
939 1125 1092 1165 bellum
1113 1139 1195 1165 non
1218 1129 1284 1165 est
1309 1139 1361 1165 ex
1392 1123 1647 1164 dissensione
1678 1139 1772 1178 par-

177 1193 294 1243 tium,
319 1193 392 1233 sed
414 1207 465 1232 ex
487 1191 644 1232 nefaria
666 1205 740 1245 spe
761 1189 1138 1245 perditissimorum
1169 1189 1321 1231 civium
1352 1188 1598 1237 excitatum,
1621 1188 1772 1243 quibus

175 1260 285 1299 bona
319 1258 596 1311 fortunaeque
628 1260 797 1296 nostrae
831 1259 1003 1296 notatae
1033 1259 1132 1296 sunt
1169 1259 1212 1295 et
1243 1255 1331 1309 jam
1364 1254 1418 1294 ad
1453 1254 1653 1308 cujusque
1687 1253 1773 1309 opi-

176 1323 346 1364 nionem
386 1322 653 1363 distributae.
718 1320 822 1375 Legi
855 1320 1075 1375 epistolam
1109 1320 1300 1369 Antonii,
1325 1334 1451 1375 quam
1480 1320 1533 1359 ad
1567 1319 1773 1374 quendam

176 1387 484 1444 septemvirum,
519 1386 741 1443 capitalem
775 1385 996 1435 hominem,
1031 1385 1233 1440 collegam
1265 1399 1397 1435 suum,
1422 1384 1619 1425 miserat:
1664 1384 1774 1437 Quid

177 1453 449 1509 concupiscas
482 1458 529 1494 tu
565 1451 744 1493 videris:
780 1451 891 1506 quod
923 1451 1208 1506 concupiveris
1231 1455 1346 1492 certe
1377 1450 1696 1491 habebis—En
1721 1450 1775 1490 ad

177 1535 301 1576 quem
332 1520 496 1574 legatos
524 1519 757 1567 mit-tamus,
781 1517 847 1558 cui
878 1517 1033 1558 bellum
1063 1532 1274 1558 moremur
1295 1517 1460 1567 inferre,
1486 1516 1556 1571 qui
1589 1531 1640 1557 ne
1669 1516 1775 1557 sorti

177 1585 346 1641 quidem
377 1585 568 1625 fortunas
600 1588 769 1625 nostras
806 1582 1045 1631 destinavit,
1074 1583 1147 1623 sed
1179 1581 1339 1622 libidini
1372 1582 1574 1636 cujusque
1606 1596 1683 1622 nos
1714 1581 1774 1621 ita

176 1651 342 1693 addixit
362 1655 410 1692 ut
431 1665 482 1691 ne
504 1649 583 1690 sibi
605 1649 770 1704 quidem
792 1649 1017 1704 quidquam
1044 1648 1255 1702 integrum
1285 1648 1394 1702 quod
1424 1662 1507 1687 non
1534 1647 1654 1687 alicui
1682 1661 1774 1701 pro-

177 1716 350 1757 missum
372 1716 461 1770 jam
483 1715 540 1756 sit
561 1713 790 1769 reliquerit.
853 1713 959 1754 Cum
979 1713 1071 1761 hoc,
1094 1717 1237 1767 patres
1259 1711 1498 1766 conscripti,
1523 1711 1642 1761 bello,
1665 1712 1773 1752 bello

177 1782 359 1836 inquam,
403 1780 703 1821 decertandum
738 1783 815 1827 est,
858 1777 982 1832 idque
1025 1776 1270 1818 confestim:
1316 1777 1553 1831 legatorum
1591 1777 1773 1818 tarditas

178 1845 438 1900 repudianda
466 1849 544 1885 est.
608 1844 874 1898 Quapropter
901 1857 952 1882 ne
984 1842 1116 1882 multa
1149 1841 1270 1882 nobis
1297 1842 1483 1897 quotidie
1513 1843 1773 1883 decernenda

180 1911 278 1958 sint,
303 1909 542 1950 consulibus
571 1912 708 1949 totam
740 1923 827 1949 rem
855 1907 1065 1962 publicam
1088 1907 1432 1948 committendam
1455 1921 1616 1957 censeo,
1640 1906 1773 1962 iisque

180 1975 507 2030 permittendum
536 1978 585 2014 ut
615 1988 701 2014 rem
732 1972 941 2028 publicam
972 1972 1210 2022 defendant,
1243 1971 1570 2027 provideantque
1591 1986 1643 2012 ne
1674 1972 1774 2027 quid

181 2055 247 2081 res
279 2039 443 2095 publica
475 2038 716 2080 detrimenti
748 2038 956 2093 accipiat;
992 2051 1223 2092 censeoque
1250 2041 1299 2078 ut
1329 2037 1378 2078 iis
1406 2037 1476 2093 qui
1509 2038 1551 2078 in
1588 2037 1774 2079 exercitu

1142 275 1261 317 Bello
1301 280 1444 317 autem
1484 276 1622 328 dubio,
1661 277 1772 332 quod

216 2178 388 2217 (serendam
402 2177 526 2216 censeo]
541 2177 571 2206 V
582 2177 602 2206 i.
630 2176 804 2206 Lambinus
821 2175 955 2206 omitted

183 2224 191 2238 ⁴
204 2219 395 2250 censeo.'—‘
410 2220 584 2250 tumultum
595 2219 614 2249 :'
640 2230 691 2249 see
709 2220 820 2255 Index,
832 2220 905 2249 Vol.
923 2219 954 2249 ii.

184 2267 191 2281 ‘
200 2264 281 2293 Tum
287 2263 449 2292 ultus.'—‘
457 2263 537 2293 edici
547 2263 567 2292 :y
585 2263 616 2292 in
624 2273 710 2292 some
721 2263 855 2292 editions
866 2263 955 2292 there

183 2307 209 2336 is
226 2310 233 2323 ‘
248 2305 363 2341 indici)
382 2306 397 2335 I
414 2307 507 2335 know
534 2309 590 2335 not
617 2316 657 2335 on
678 2306 761 2335 what
785 2306 955 2344 authority.

184 2349 200 2379 I
218 2359 354 2388 suppose
369 2350 438 2378 that
455 2352 461 2365 ⁴
476 2349 570 2378 indici
582 2348 589 2361 '
607 2359 664 2379 can
676 2349 715 2378 be
729 2349 815 2383 used,
834 2348 882 2378 for
901 2348 956 2377 the

186 2392 327 2421 Romans
353 2392 418 2420 said
447 2394 454 2408 ‘
469 2392 633 2421 consilium
664 2391 836 2428 indicitur‚’
863 2393 955 2430 ‘sup-

184 2435 311 2474 plicatio
338 2434 506 2471 indicitur‚’
525 2438 532 2451 ⁴
546 2434 664 2464 bellum
680 2434 838 2470 indicere‚’
856 2435 958 2464 διο.-

186 2480 194 2494 ‘
207 2487 279 2516 saga
291 2476 310 2506 :'
327 2477 382 2506 the
394 2477 529 2516 military
542 2477 696 2507 cloal<.—‘
709 2477 923 2507 vacationibus
936 2476 955 2506 ι’

185 2530 227 2549 no
240 2520 438 2558 exemptions
451 2530 531 2549 were
543 2523 576 2549 to
593 2520 631 2550 be
647 2520 787 2550 allowed.
834 2524 841 2537 ⁴
855 2520 938 2549 Tota
949 2518 957 2533 ’

185 2563 212 2592 is
236 2562 392 2592 Muretus’
428 2562 567 2601 reading.
614 2563 642 2591 V
670 2563 679 2592 i
702 2564 781 2593 have
806 2566 813 2580 ‘
831 2562 955 2592 totam.'

186 2605 361 2636 Lambinus
377 2605 532 2643 proposed
561 2605 745 2643 ‘togatam’
791 2605 958 2635 Manutius

187 2658 257 2688 says
270 2660 276 2677 ε
295 2650 386 2677 “non
400 2647 515 2685 excipit
526 2647 669 2684 Galliam,
682 2648 735 2677 sed
746 2648 832 2678 addit
844 2647 876 2685 ;”
901 2648 959 2678 but

187 2691 203 2721 I
217 2691 309 2721 think
321 2690 391 2720 that
406 2690 446 2719 he
461 2690 486 2719 is
503 2690 668 2719 mistaken.
703 2691 854 2720 Graevius
871 2701 957 2730 says:

188 2736 206 2751 ‘⁴
223 2734 261 2764 In
294 2733 395 2763 Gallia
425 2742 489 2761 non
519 2735 643 2770 poterat
674 2733 806 2763 dilectus
836 2733 957 2769 haberi,

187 2777 261 2816 quia
276 2777 308 2806 in
323 2776 376 2805 illa
391 2785 463 2805 cum
480 2775 543 2804 suis
559 2775 655 2813 copiis
671 2778 737 2804 crat
753 2776 911 2806 Antonius
928 2779 959 2806 et

187 2818 343 2850 Brutus.''

230 2862 354 2901 Alteri]
374 2861 442 2891 The
457 2863 548 2900 party
564 2859 600 2889 of
609 2859 667 2890 Cn.
686 2860 865 2900 Pompeius.
889 2861 959 2891 The

187 2906 278 2935 other
293 2909 384 2945 party
395 2913 457 2934 was
473 2902 642 2942 composed
655 2903 690 2933 of
703 2903 756 2934 the
766 2914 839 2944 very
852 2907 959 2934 centre

1001 2175 1037 2205 of
1054 2175 1109 2205 the
1125 2175 1300 2206 Dictator’s
1324 2177 1427 2215 party.
1473 2175 1634 2206 Antonius
1656 2175 1682 2206 is
1706 2185 1774 2206 rec-

1000 2219 1105 2248 koned
1121 2229 1154 2248 as
1171 2219 1305 2258 nothing
1319 2233 1325 2248 :
1351 2219 1391 2248 he
1407 2229 1469 2249 was
1485 2229 1525 2248 an
1546 2221 1724 2258 enemy.—‘
1736 2219 1776 2248 ad

1000 2262 1152 2301 cujusque
1176 2261 1392 2301 opinionem:’
1427 2262 1592 2292 Manutius
1618 2262 1775 2301 proposed

999 2308 1033 2335 to
1050 2305 1137 2334 write
1152 2306 1160 2320 ⁶
1173 2305 1335 2344 optionem
1351 2304 1358 2318 ’
1382 2304 1432 2334 for
1448 2308 1455 2322 ‘
1468 2304 1672 2344 opinionem!

1043 2348 1285 2387 septemvirum]
1336 2348 1394 2377 See
1420 2348 1475 2377 the
1503 2348 1624 2377 Introd.
1651 2358 1681 2387 p.
1699 2348 1774 2378 454.

1002 2391 1054 2420 He
1070 2390 1144 2420 calls
1160 2390 1226 2419 him
1243 2390 1449 2430 ‘capitalem‚'
1472 2400 1490 2420 a
1510 2391 1670 2430 pestilent,
1689 2400 1776 2419 mur-

1001 2434 1114 2463 derous
1152 2433 1275 2470 fellow;
1312 2434 1448 2473 perhaps
1485 2433 1614 2473 playing
1643 2443 1685 2463 on
1722 2433 1777 2462 the

1001 2476 1083 2506 word
1104 2475 1294 2515 ‘Capitalis’
1320 2486 1354 2506 as
1377 2476 1454 2506 used
1469 2476 1502 2506 in
1518 2477 1573 2506 the
1596 2476 1778 2516 expression

1003 2522 1010 2536 ‘
1023 2519 1192 2549 Triumviri
1209 2519 1390 2558 Capitales.'

1045 2572 1083 2592 ne
1099 2562 1177 2601 quid
1191 2562 1403 2601 respublica]
1451 2561 1520 2591 The
1536 2562 1627 2592 usual
1643 2561 1778 2591 formula

1003 2605 1044 2644 by
1061 2605 1163 2634 which
1182 2605 1342 2644 authority
1361 2614 1423 2634 was
1447 2605 1539 2643 given
1563 2608 1596 2635 to
1623 2605 1679 2635 the
1702 2614 1778 2634 con-

1004 2648 1068 2677 suls
1090 2648 1181 2677 when
1206 2648 1260 2677 the
1287 2650 1367 2677 state
1388 2657 1449 2677 was
1473 2647 1506 2677 in
1521 2647 1649 2686 danger.
1695 2647 1777 2677 Phil.

1003 2691 1034 2720 ii.
1053 2700 1079 2720 c.
1096 2691 1148 2727 21,
1165 2690 1227 2720 and
1242 2690 1297 2720 the
1317 2694 1412 2726 note;
1438 2690 1497 2720 Pro
1515 2691 1677 2726 Deiotaro,
1701 2699 1727 2718 c.
1744 2691 1776 2724 4,

1003 2733 1065 2763 and
1082 2733 1136 2762 the
1152 2736 1292 2763 uota—¹
1304 2743 1344 2762 ne
1361 2733 1400 2763 sit
1413 2743 1449 2762 ea
1460 2743 1509 2762 res
1525 2733 1627 2762 fraudi
1644 2732 1664 2761 :’
1689 2734 1696 2748 ‘
1707 2731 1778 2760 that

1002 2776 1028 2805 it
1053 2776 1131 2805 shall
1159 2779 1215 2805 not
1243 2775 1281 2805 be
1308 2779 1340 2805 to
1366 2776 1414 2805 his
1441 2774 1631 2814 prejudice3’
1656 2784 1674 2803 a
1690 2783 1776 2803 com-

1003 2829 1077 2848 mon
1094 2828 1150 2848 use
1166 2818 1202 2847 of
1216 2817 1358 2848 ‘fraudis
1404 2818 1462 2848 See
1486 2819 1546 2848 Pro
1568 2817 1726 2852 Cluentio,
1748 2827 1775 2846 c.

1003 2863 1055 2897 33,
1072 2861 1134 2891 and
1149 2861 1204 2891 the
1220 2864 1304 2898 note,
1316 2861 1388 2891 Vol.
1405 2861 1437 2890 ii.
1452 2872 1459 2897 ;
1485 2861 1544 2889 Pro
1558 2858 1667 2895 Balbo,
1682 2869 1708 2888 c.
1724 2861 1775 2895 28,

1003 2904 1074 2934 Vol.
1082 2904 1135 2941 iv.,
1146 2904 1250 2934 where
1262 2903 1356 2934 ‘laus'
1365 2903 1427 2934 and
1439 2903 1537 2933 ‘fraus
1544 2901 1552 2916 ’
1562 2911 1615 2932 are
1624 2901 1775 2941 opposed.
