1816 3211
104 167 186 208 126
382 165 581 207 ·ORAT.
618 164 738 206 PRO
776 164 824 206 L.
859 163 1168 205 CORNELIO
1201 163 1404 204 BALBO

101 293 179 320 nos
199 279 241 319 id
263 278 372 333 quod
393 278 428 318 is
448 277 617 318 fecisset
639 281 785 318 contra
806 277 951 317 foedus
972 276 1130 316 factum
1153 275 1372 323 diceretur,
1396 273 1488 328 quis
1512 274 1704 318 audiret?

103 343 238 383 Nemo
266 342 467 396 profecto.
532 342 652 381 Mors
683 341 792 381 enim
823 355 949 394 quum
981 339 1254 380 exstinxisset
1285 337 1492 388 invidiam,
1516 353 1582 379 res
1613 339 1704 392 ejus

101 412 246 462 gestae
278 406 518 459 sempiterni
552 404 730 445 nominis
761 404 893 458 gloria
927 403 1174 443 niterentur.
1239 402 1370 455 Cujus
1402 401 1531 456 igitur
1560 403 1704 442 audita

101 470 234 511 virtus
269 469 523 510 dubitationi
558 469 695 508 locum
726 482 810 507 non
846 467 980 516 daret,
1016 467 1140 520 hujus
1175 470 1276 506 nota
1315 470 1444 520 atque
1479 471 1704 520 perspecta

101 535 437 575 obtrectatorum
453 547 554 573 voce
574 532 790 571 laedetur?

161 598 269 638 VII.
304 597 509 637 Omittam
536 597 664 650 igitur
687 594 934 649 Pompeium
951 595 1041 649 jam
1068 594 1256 635 oratione
1284 609 1378 635 mea
1407 594 1590 648 reliqua3
1630 594 1704 634 sed

101 678 185 712 vos,
205 662 381 716 judices,
405 661 554 702 animis
581 675 630 701 ac
658 659 858 700 memoria
879 663 1082 700 tenetote.
1146 658 1213 698 De
1241 659 1346 713 lege,
1372 659 1423 698 de
1450 658 1628 706 foedere,
1653 658 1703 698 de

101 726 313 780 exemplis,
336 726 386 766 de
419 729 624 779 perpetua
659 723 960 764 consuetudine
992 722 1174 763 civitatis
1205 728 1376 763 nostrae
1411 722 1620 762 renovabo
1656 736 1705 762 ea

101 805 207 845 quae
240 790 351 830 dicta
388 793 499 829 sunt.
563 788 677 828 Nihil
715 787 823 828 enim
855 786 956 826 mihi
996 786 1101 835 novi,
1138 786 1239 826 nihil
1275 786 1429 840 integri
1464 799 1598 839 neque
1637 785 1715 827 M.-

103 855 290 902 Grassus,
313 853 383 907 qui
405 857 541 893 totam
564 866 752 895 caussam
775 856 819 892 et
840 865 914 905 pro
936 851 1140 891 facultate
1161 855 1206 891 et
1227 865 1303 905 pro
1324 850 1406 890 fide
1435 864 1510 890 sua
1532 849 1704 903 diligen-

101 918 262 959 tissime
284 917 401 957 vobis
422 916 657 971 explicavit,
681 930 815 970 neque
838 915 914 955 Cn.
939 914 1176 968 Pompeius,
1200 915 1319 968 cujus
1347 914 1480 955 oratio
1512 914 1704 954 omnibus

102 981 357 1023 ornamentis
395 981 634 1029 abundavit,
670 980 723 1020 ad
764 979 987 1020 dicendum
1027 978 1208 1033 reliquit.
1280 978 1364 1019 Sed
1405 978 1599 1032 quoniam
1639 992 1704 1018 me

101 1050 320 1086 recusante
352 1044 509 1099 placuit
540 1045 743 1084 ambobus
779 1043 966 1084 adhiberi
1001 1043 1110 1083 hunc
1141 1057 1167 1083 a
1196 1057 1262 1083 me
1294 1043 1414 1097 quasi
1447 1041 1704 1097 perpoliendi

101 1110 309 1164 quendam
350 1108 486 1163 operis
525 1113 757 1148 extremum
792 1107 989 1156 laborem,
1025 1111 1124 1161 peto
1164 1121 1190 1146 a
1221 1106 1354 1156 vobis,
1390 1111 1439 1147 ut
1473 1121 1539 1147 me
1580 1105 1704 1146 officii

100 1173 240 1228 potius
276 1187 398 1227 quam
438 1172 602 1212 dicendi
643 1171 784 1212 studio
825 1171 933 1210 hanc
976 1170 1210 1224 suscepisse
1254 1185 1423 1225 operam
1462 1185 1512 1210 ac
1553 1183 1704 1210 munus

100 1237 269 1291 putetis.
332 1237 397 1276 Ac
439 1236 555 1290 prius
589 1250 714 1289 quam
749 1234 972 1289 aggrediar
1005 1235 1059 1274 ad
1090 1234 1161 1288 jus
1201 1248 1472 1288 caussamque
1507 1233 1701 1284 Cornelii,

100 1301 296 1355 quiddam
337 1301 387 1340 de
429 1300 636 1340 communi
678 1298 918 1339 conditione
964 1298 1146 1338 omnium
1188 1303 1379 1339 nostrum
1419 1297 1704 1352 deprecandae

99 1364 413 1405 malevolentiae
454 1377 603 1404 caussa
636 1362 821 1402 breviter
857 1362 1266 1402 commemorandum
1302 1362 1479 1402 videtur.
1543 1361 1588 1401 Si
1621 1375 1703 1416 quo

99 1428 273 1483 quisque
294 1428 385 1468 loco
410 1431 602 1467 nostrum
634 1431 711 1474 est,
730 1425 907 1480 judices,
930 1430 1067 1474 natus,
1091 1430 1166 1466 aut
1197 1425 1232 1466 si
1263 1426 1305 1465 in
1336 1440 1418 1480 qua
1438 1426 1608 1466 fortuna
1638 1430 1705 1466 est

99 1492 295 1533 nascendi
327 1492 444 1532 initio
467 1491 735 1538 constitutus,
760 1490 870 1531 hunc
891 1490 1001 1530 vitae
1030 1494 1191 1531 statum
1213 1504 1343 1544 usque
1364 1490 1418 1530 ad
1445 1493 1704 1530 senectutem

99 1556 288 1596 obtinere
311 1556 495 1604 deberet,
519 1560 574 1605 et,
599 1555 633 1595 si
656 1569 812 1604 omnes,
837 1568 940 1608 quos
961 1559 1036 1595 aut
1057 1554 1226 1595 fortuna
1248 1554 1401 1595 extulit
1421 1559 1496 1595 aut
1517 1554 1705 1609 ipsorum

98 1620 324 1661 illustravit
350 1620 468 1661 labor
489 1624 532 1660 et
559 1617 776 1667 industria,
800 1633 936 1672 poena
966 1622 1066 1658 sunt
1095 1618 1316 1667 afficiendi,
1340 1633 1422 1658 non
1452 1618 1619 1672 gravior
1653 1617 1702 1659 L.

101 1684 291 1725 Cornelio
314 1699 438 1738 quam
468 1683 612 1724 multis
632 1682 731 1723 viris
761 1682 882 1722 bonis
912 1686 1039 1736 atque
1070 1682 1247 1722 fortibus
1276 1682 1476 1723 constitui
1504 1683 1571 1723 lex
1592 1682 1703 1723 vitae

100 1753 145 1788 et
186 1748 369 1789 conditio
410 1747 635 1788 videretur.
716 1746 790 1786 Sin
829 1751 971 1787 autem
1021 1746 1247 1787 multorum
1287 1746 1433 1795 virtus,
1476 1742 1701 1800 ingenium,

99 1812 338 1852 humanitas
369 1827 421 1852 ex
450 1811 591 1851 infimo
611 1825 764 1865 genere
787 1814 830 1851 et
851 1811 1044 1851 fortunae
1064 1811 1200 1865 gradu
1230 1824 1314 1850 non
1346 1811 1470 1851 modo
1497 1810 1703 1851 amicitias

101 1881 145 1916 et
166 1875 224 1916 rei
245 1875 458 1915 familiaris
480 1875 620 1929 copias
642 1878 870 1915 consecuta
891 1880 970 1924 est,
993 1875 1067 1915 sed
1087 1889 1293 1915 summam
1314 1875 1491 1925 laudem,
1507 1874 1700 1924 honores,

100 1940 287 1994 gloriam,
331 1939 591 1994 dignitatem,
634 1953 718 1979 non
764 1938 951 1993 intelligo
1002 1953 1075 1980 cur
1124 1939 1264 1993 potius
1304 1938 1458 1979 invidia
1498 1939 1702 1980 violatura

101 2004 299 2044 virtutem
323 2004 371 2043 L.
396 2003 576 2044 Cornelii
607 2017 732 2057 quam
762 2003 952 2057 aequitas
979 2008 1119 2044 vestra
1149 2004 1353 2058 pudorem
1384 2004 1474 2057 ejus
1504 2004 1703 2057 adjutura

100 2068 301 2108 videatur.
365 2067 527 2122 Itaque,
551 2068 662 2121 quod
692 2067 870 2107 maxime
901 2069 1127 2122 petendum
1149 2072 1227 2118 est,
1250 2082 1275 2108 a
1295 2067 1413 2108 vobis
1435 2067 1588 2108 idcirco
1619 2081 1702 2107 non

102 2137 210 2186 peto,
236 2132 409 2185 judices,
441 2146 492 2171 ne
526 2132 576 2172 de
612 2136 753 2172 vestra
784 2131 990 2186 sapientia
1025 2137 1152 2185 atque
1186 2132 1236 2171 de
1267 2136 1407 2172 vestra
1439 2131 1701 2172 humanitate

102 2195 294 2235 dubitare
325 2195 478 2236 videar.
541 2195 623 2235 Est
657 2200 798 2236 autem
833 2196 1075 2250 petendum,
1107 2210 1158 2236 ne
1193 2195 1366 2236 oderitis
1400 2195 1625 2249 ingenium,
1649 2209 1700 2236 ne

102 2258 255 2298 inimici
277 2258 370 2299 sitis
398 2259 639 2308 industriae,
664 2274 715 2298 ne
743 2259 1048 2300 humanitatem
1080 2259 1405 2313 opprimendam,
1429 2274 1480 2299 ne
1501 2259 1701 2300 virtutem

101 2322 351 2376 puniendam
372 2323 543 2376 putetis.
607 2323 712 2362 Illud
736 2328 846 2377 peto,
870 2328 930 2373 ut,
954 2323 989 2364 si
1011 2337 1203 2364 caussam
1223 2322 1356 2377 ipsam
1376 2337 1450 2377 per
1470 2337 1515 2364 se
1536 2323 1700 2363 firmam

103 2399 193 2425 esse
234 2390 277 2425 et
317 2387 511 2426 stabilem
549 2386 746 2436 videritis,
785 2387 963 2428 hominis
1003 2387 1132 2442 ipsius
1172 2392 1417 2428 ornamenta
1455 2388 1700 2442 adjumento

103 2463 276 2489 caussae
297 2450 435 2503 potius
456 2464 578 2504 quam
600 2450 895 2504 impedimento
916 2465 1007 2492 esse
1029 2450 1196 2491 malitis.

163 2512 296 2552 VIII.
340 2513 549 2562 Nascitur,
578 2514 753 2566 judices,
786 2529 935 2555 caussa
971 2514 1150 2555 Cornelii
1186 2529 1239 2555 ex
1275 2529 1325 2555 ea
1358 2515 1450 2570 lege
1485 2530 1610 2570 quam
1647 2514 1696 2556 L.

105 2576 264 2618 Gellius
300 2576 374 2617 Gn.
408 2577 623 2618 Cornelius
657 2592 709 2618 ex
749 2583 919 2619 senatus
953 2578 1164 2619 sent-entia
1203 2578 1402 2619 tulerunt.
1478 2579 1571 2631 Qua
1605 2578 1697 2633 lege

147 2681 242 2718 hujus
267 2683 342 2710 nota
373 2680 483 2719 atque]
512 2680 570 2710 G2.
614 2681 682 2710 The
708 2684 772 2711 rest
796 2682 875 2711 omit
918 2685 1014 2712 tunae
1029 2682 1128 2720 gradu
1142 2681 1162 2711 :'
1183 2683 1364 2721 “praesens
1387 2683 1438 2712 vel
1452 2683 1516 2712 imo
1532 2683 1641 2712 tollere
1657 2683 1696 2713 de

103 2723 113 2740 ‘
125 2722 222 2752 nota.'
269 2726 276 2740 ‘
290 2723 394 2761 Hujus
414 2723 480 2752 visa
495 2722 613 2761 atque.’
632 2723 738 2759 Halm,
757 2724 873 2754 Baiter.
918 2723 1048 2762 gradu'’
1067 2723 1219 2764 (Horace,
1237 2725 1342 2755 Carm.
1358 2725 1378 2754 i.
1396 2726 1448 2759 35,
1465 2725 1498 2754 in
1518 2725 1572 2754 the
1587 2725 1647 2755 ode
1662 2728 1695 2755 to

147 2766 178 2800 7.
196 2774 301 2803 poena
331 2765 420 2803 sunt]
471 2767 589 2803 ‘poena
614 2765 741 2799 essent,’
770 2766 876 2802 Halm,
922 2766 1385 2806 Fortuna).—‘poeniendam,’
1400 2767 1516 2796 Baiter.

103 2807 221 2843 Baiter,
237 2807 370 2837 without
392 2817 454 2846 any
478 2810 653 2836 reason.—‘
666 2807 823 2837 videretur
839 2808 875 2837 C.
964 2810 994 2838 8.
1018 2809 1058 2838 L.
1080 2809 1217 2848 Gellius]
1268 2809 1327 2839 See
1346 2809 1401 2839 the
1418 2808 1695 2838 Introduction.—

103 2850 225 2879 videtur
249 2859 321 2879 cum
337 2849 386 2879 ed.
402 2847 612 2885 Juntina,0.'
630 2849 876 2879 Baiter.—-‘for-
921 2849 1057 2880 ‘fundus
1083 2851 1184 2881 factus
1200 2851 1220 2881 ε’
1244 2861 1263 2881 a
1292 2851 1400 2881 nation
1426 2860 1462 2881 or
1490 2851 1602 2890 people
1631 2860 1694 2881 was
