1816 3211
245 685 769 761 ORATIONUM
858 684 1564 761 PHILIPPICA-BHM

624 845 829 890 LIBER
864 844 1188 891 DECIMUS.

170 1168 204 1208 Ι.
239 1168 466 1207 MAxiMAs
489 1167 578 1215 tibi,
604 1167 757 1216 Pansa,
780 1167 939 1222 gratias
960 1181 1102 1208 omnes
1123 1171 1167 1208 et
1191 1167 1343 1207 habere
1364 1171 1408 1208 et
1428 1180 1552 1222 agere
1574 1166 1694 1206 debe-

110 1247 214 1280 mus,
233 1232 301 1286 qui
318 1247 444 1286 quum
461 1232 659 1273 hodierno
676 1232 741 1272 die
758 1237 950 1273 senatum
965 1238 1008 1273 te
1025 1231 1263 1273 habit-urum
1279 1246 1361 1272 non
1383 1231 1693 1279 arbitraremur,

110 1302 159 1338 ut
191 1297 253 1336 M.
276 1296 399 1337 Bruti
430 1296 781 1351 praestantissimi
814 1296 914 1337 civis
948 1296 1112 1338 litteras
1147 1296 1360 1350 accepisti,
1396 1311 1447 1336 ne
1483 1296 1695 1336 minimam

109 1362 276 1416 quidem
297 1375 453 1401 moram
475 1361 758 1415 interposuisti
779 1361 877 1416 quin
899 1376 1022 1416 quam
1051 1361 1230 1415 primum
1258 1361 1439 1401 maximo
1471 1360 1621 1416 gaudio
1652 1366 1694 1400 et

109 1426 388 1481 gratulatione
408 1426 653 1466 frueremur.
717 1426 854 1478 Quum
870 1426 1030 1466 factum
1046 1430 1165 1465 tuum
1180 1429 1347 1480 gratum
1364 1425 1554 1466 omnibus
1571 1425 1695 1465 debet

110 1505 212 1540 esse,
246 1495 336 1532 tuin
368 1505 464 1531 vero
498 1490 642 1540 oratio,
681 1505 762 1545 qua
797 1490 985 1532 recitatis
1019 1490 1172 1531 litteris
1205 1505 1306 1531 usus
1340 1505 1396 1531 es.
1459 1489 1694 1532 Declarasti

110 1555 219 1596 enim
240 1570 381 1596 verum
402 1569 492 1595 esse
518 1555 571 1603 id,
596 1556 706 1609 quod
737 1569 815 1610 ego
841 1570 1003 1610 semper
1033 1555 1156 1605 sensi,
1179 1555 1384 1596 neminem
1405 1555 1588 1605 alterius,
1622 1554 1692 1610 qui

110 1635 208 1662 suae
231 1620 470 1669 confideret,
495 1619 639 1661 virtuti
670 1619 866 1661 invidere.
929 1620 1077 1675 Itaque
1104 1619 1216 1669 mihi,
1247 1620 1315 1674 qui
1344 1619 1526 1674 plurimis
1548 1619 1692 1660 officiis

109 1700 197 1726 sum
229 1700 323 1726 curn
354 1685 487 1725 Bruto
518 1689 561 1724 et
592 1684 774 1725 maxima
804 1685 1084 1725 familiaritate
1115 1685 1377 1739 conjunctus,
1399 1684 1534 1724 minus
1562 1684 1693 1725 multa

110 1751 160 1791 de
180 1749 247 1790 illo
270 1749 443 1790 dicenda
464 1754 574 1790 sunt.
638 1749 751 1801 Quas
772 1749 882 1789 enim
911 1749 999 1803 ipse
1029 1749 1128 1789 mihi
1158 1753 1299 1803 partes
1328 1763 1596 1803 sumpseram,
1619 1764 1694 1790 eas

108 1813 317 1868 praecepit
359 1813 493 1853 oratio
534 1818 620 1853 tua.
684 1813 767 1853 Sed
802 1813 914 1863 mihi,
949 1817 1091 1867 patres
1126 1813 1365 1868 conscripti,
1399 1814 1691 1854 necessitatem

107 1878 251 1919 attulit
271 1878 406 1932 paullo
437 1877 554 1931 plura
576 1877 737 1918 dicendi
758 1878 968 1919 sententia
988 1878 1078 1932 ejus
1106 1878 1176 1930 qui
1206 1882 1378 1932 rogatus
1399 1883 1464 1918 est
1493 1883 1591 1918 ante
1611 1893 1688 1927 me,

107 1957 133 1983 a
154 1957 234 1997 quo
266 1942 326 1983 ita
347 1956 471 1996 saepe
493 1941 694 1982 dissentio
720 1947 766 1982 ut
788 1943 878 1996 jam
909 1957 1052 1983 verear
1083 1957 1146 1992 ne,
1180 1943 1222 1982 id
1255 1943 1366 1997 quod
1401 1942 1491 1982 fieri
1524 1942 1690 1983 minime

108 2008 245 2055 debet,
267 2006 451 2046 minuere
473 2006 699 2047 amicitiam
722 2012 909 2048 nostram
929 2007 1119 2047 videatur
1138 2011 1340 2061 perpetua
1361 2006 1574 2048 dissensio.

166 2072 282 2123 Quae
310 2075 374 2110 est
405 2070 514 2110 enim
544 2071 626 2111 ista
661 2075 734 2111 tua
758 2071 877 2120 ratio,
904 2071 1065 2121 Calene,
1089 2085 1193 2125 quae
1226 2085 1353 2121 mens,
1389 2076 1437 2112 ut
1466 2086 1690 2126 numquam

106 2141 203 2190 post
227 2135 438 2175 Kalendas
459 2135 681 2175 Januarias
712 2135 821 2176 idem
851 2135 1029 2176 senseris
1065 2136 1175 2190 quod
1207 2135 1242 2175 is
1274 2136 1342 2190 qui
1376 2140 1417 2176 te
1438 2136 1690 2177 sententiam

107 2201 283 2256 primum
315 2201 463 2255 rogat?
503 2214 728 2254 numquam
749 2205 837 2241 tam
864 2201 1058 2256 frequens
1078 2205 1250 2241 senatus
1280 2200 1406 2241 fuerit
1436 2215 1561 2255 quum
1582 2215 1689 2241 unus

107 2265 254 2320 aliquis
289 2264 540 2305 sententiam
572 2269 689 2305 tuam
724 2270 894 2306 secutus
925 2266 1008 2306 sit?
1069 2265 1152 2306 Cur
1184 2279 1347 2319 semper
1373 2265 1436 2306 tui
1469 2265 1687 2306 dissimiles

109 2329 322 2370 defendis?
353 2344 436 2378 cur,
469 2344 595 2384 quum
623 2334 667 2370 te
699 2335 743 2370 et
774 2330 860 2371 vita
890 2334 933 2370 et
964 2330 1132 2371 fortuna
1161 2334 1235 2371 tua
1268 2329 1322 2370 ad
1355 2329 1486 2370 otium
1522 2331 1605 2384 [et]
1634 2332 1689 2372 ad

109 2393 356 2448 dignitatem
376 2393 536 2444 invitet,
559 2409 608 2434 ea
634 2395 800 2449 probas,
823 2409 872 2436 ea
903 2394 1102 2444 decernis,
1125 2409 1174 2435 ea
1195 2394 1337 2445 sentis,
1363 2409 1468 2449 quae
1499 2395 1583 2436 sint
1613 2396 1687 2436 ini-

108 2458 216 2498 mica
246 2463 289 2498 et
320 2458 405 2498 otio
434 2458 640 2498 communi
672 2463 715 2500 et
742 2459 937 2514 dignitati
967 2460 1094 2500 tuae?
1155 2459 1217 2500 ΙΙ.
1250 2458 1370 2509 Nam,
1399 2465 1448 2500 ut
1474 2460 1688 2514 superiora

156 2573 183 2601 l.
208 2572 262 2610 qui
284 2581 378 2610 quum
396 2593 403 2600 .
422 2593 429 2601 .
448 2594 455 2600 .
473 2572 718 2608 arbitraremur,
740 2574 776 2601 ut
799 2571 871 2611 ὅρα]
919 2571 1071 2611 probably
1086 2570 1125 2601 be
1141 2570 1294 2601 delivered
1316 2573 1348 2600 to
1367 2571 1421 2600 the
1441 2570 1576 2606 consuls,
1594 2570 1686 2599 when

109 2614 138 2644 A
154 2614 233 2643 form
257 2615 291 2642 of
311 2614 493 2652 expression
509 2614 610 2643 which
634 2615 659 2643 is
680 2617 737 2644 not
753 2624 825 2653 easy
842 2618 875 2644 to

109 2657 268 2686 translate.
316 2655 347 2684 It
370 2666 487 2691 means,
513 2656 578 2685 ‘for
603 2657 722 2695 though
746 2667 791 2686 we
814 2657 875 2686 had

109 2709 151 2729 no
167 2698 364 2737 expectation
380 2698 449 2727 that
462 2709 524 2737 you
541 2699 642 2728 would
658 2709 802 2729 summon
819 2700 873 2729 the

111 2745 217 2771 senate
233 2741 352 2779 to-day,
369 2744 422 2779 yet
444 2750 477 2769 as
501 2750 577 2769 soon
598 2751 630 2769 as
651 2752 713 2780 you
733 2742 873 2771 received

110 2785 165 2814 the
195 2783 378 2823 despatches
404 2783 439 2811 of
465 2783 512 2812 M.
535 2783 673 2814 Brutus.'
719 2784 788 2814 The
819 2785 872 2814 de-

111 2827 255 2866 spatches
294 2825 317 2866 (⁴
330 2824 483 2865 litterae')
520 2834 598 2854 were
635 2827 780 2865 properly
817 2827 871 2856 ad-

111 2870 237 2899 dressed
262 2871 295 2898 to
320 2868 374 2898 the
401 2871 509 2897 senate
526 2866 589 2907 (Ad
607 2868 677 2897 Div.
695 2869 734 2897 xi.
752 2869 798 2909 4),
816 2869 873 2898 but

111 2922 144 2942 as
161 2911 329 2951 somebody
343 2913 428 2940 must
442 2910 561 2940 receive
576 2909 673 2947 them,
684 2910 758 2950 they
770 2911 872 2941 would

919 2614 997 2644 both
1027 2614 1062 2644 of
1088 2615 1175 2643 them
1201 2624 1281 2643 were
1304 2614 1337 2642 in
1363 2613 1473 2649 Rome,
1501 2623 1537 2643 or
1567 2623 1627 2643 one
1654 2611 1689 2641 of

919 2657 1017 2686 them.
1063 2657 1138 2686 Two
1158 2656 1266 2685 letters
1289 2656 1324 2685 of
1345 2655 1453 2686 Cicero
1475 2655 1553 2685 from
1576 2655 1685 2685 Cilicia

920 2698 984 2739 (Ad
1010 2699 1083 2729 Div.
1108 2709 1159 2729 xv.
1187 2700 1214 2728 l.
1243 2700 1276 2738 2)
1301 2708 1352 2728 are
1378 2698 1544 2727 addressed
1569 2701 1602 2727 to
1628 2698 1683 2727 the

917 2742 1052 2778 consuls,
1080 2745 1229 2781 praetorS,
1259 2741 1377 2771 tribuni
1403 2740 1512 2780 plebis,
1538 2740 1599 2770 and
1629 2740 1683 2769 the

917 2788 1033 2814 senate.

958 2836 1081 2865 semper
1095 2826 1192 2865 sensi]
1218 2826 1258 2855 V.
1304 2826 1335 2855 D
1358 2826 1452 2855 omits
1475 2828 1482 2842 ¹
1497 2823 1684 2864 semper!—

918 2871 925 2886 ‘
940 2870 993 2908 qui
1009 2872 1135 2908 rogatus
1151 2871 1198 2898 est
1213 2871 1286 2898 ante
1301 2878 1351 2898 me
1363 2867 1383 2897 ε’
1407 2867 1553 2898 Calenus.

964 2911 1093 2950 Calene]
1143 2911 1201 2941 See
1217 2911 1296 2941 Phil.
1313 2921 1342 2941 v.
1360 2920 1386 2940 c.
1407 2911 1433 2939 1.
