1816 3211
769 151 903 193 CAP.
936 154 1002 201 20,
1027 153 1094 192 21.
1648 156 1729 198 693

133 263 257 304 vellet
291 264 381 305 fieri
417 268 490 306 aut
522 279 645 320 posse
675 265 981 307 arbitraretur?
1042 265 1194 306 ‘Prius
1220 266 1341 306 undis
1373 267 1567 316 flamma?
1588 274 1636 310 ut
1666 269 1728 310 ait

132 334 259 383 poeta
288 330 429 370 nescio
451 330 554 385 quis,
588 331 704 385 prius
726 331 903 385 denique
925 331 1063 371 onmia
1085 346 1210 386 quam
1231 340 1304 372 aut
1326 347 1418 372 cum
1443 333 1640 373 Antoniis
1662 349 1729 375 res

131 394 312 449 publica,
335 400 410 436 aut
441 410 534 436 cum
554 410 600 436 re
621 396 787 450 publica
810 396 986 437 Antonii
1018 397 1190 437 redeant
1211 396 1252 436 in
1273 397 1466 452 gratiam.
1530 398 1730 439 Monstra

132 460 335 513 quaedam
357 460 438 501 ista
459 466 501 501 et
522 466 723 515 portenta
743 466 840 502 sunt
873 461 938 516 [et
965 461 1176 517 prodigia]
1207 462 1267 502 rei
1295 463 1499 517 publicae.
1563 463 1727 504 Moveri

131 525 301 565 sedibus
333 525 429 565 huic
458 525 548 566 urbi
585 526 731 566 melius
763 531 839 570 est.
870 533 999 581 atque
1034 526 1075 566 in
1102 527 1206 568 alias
1242 527 1276 568 si
1310 527 1400 568 fieri
1427 528 1563 583 possit
1591 534 1728 569 terras

132 589 376 643 demigrare,
406 591 514 630 unde
547 591 831 631 Antoniorum
868 606 944 632 nec
977 593 1090 633 facta
1124 607 1200 633 nec
1234 608 1386 633 nomen
1421 594 1577 642 audiat,
1602 608 1728 648 quam

130 653 222 694 illos
254 653 447 694 Caesaris
480 655 635 695 virtute
670 655 839 709 ejectos,
885 656 1007 696 Bruti
1043 664 1244 707 retentos,
1281 658 1391 698 intra
1426 658 1529 699 haec
1562 659 1727 700 moenia

128 717 281 758 videre.
334 717 657 772 Optatissimum
674 725 739 760 est
756 720 943 761 vincere:
978 723 1208 762 secundum
1229 729 1294 763 est
1316 723 1470 763 nullum
1488 738 1628 764 casum
1650 739 1726 779 pro

130 783 334 838 dignitate
357 788 400 824 et
424 783 620 824 libertate
642 783 806 838 patriae
827 799 910 824 non
932 785 1148 826 ferendum
1168 792 1332 841 putare.
1385 789 1505 840 Quod
1522 789 1726 843 reliquum

128 855 195 889 est
216 863 299 888 non
315 854 381 890 est
397 849 581 898 tertium,
598 849 672 889 sed
693 854 953 903 postremum
970 851 1165 899 omnium,
1185 852 1408 892 maximam
1425 853 1727 907 turpitudinem

127 913 340 968 suscipere
360 914 470 954 vitae
493 913 739 968 cupiditate.
804 915 919 966 Quae
942 929 1068 969 quum
1098 916 1157 957 ita
1187 916 1284 965 sint,
1310 916 1360 957 de
1381 917 1588 958 mandatis
1613 917 1727 959 litte-

126 978 265 1034 risque
299 979 362 1020 M.
388 979 551 1033 Lepidi,
576 979 651 1019 viri
682 979 912 1029 clarissimi,
941 980 1114 1022 Servilio
1136 982 1355 1031 assentior,
1378 987 1421 1023 et
1448 983 1526 1023 hoc
1547 983 1726 1038 amplius

127 1058 288 1092 censeo,
321 1044 526 1098 Magnum
556 1044 816 1099 Pompeium,
843 1044 970 1086 Gnaei
1002 1046 1142 1095 filiurn,
1167 1061 1240 1102 pro
1272 1047 1406 1102 patris
1436 1048 1726 1103 majorumque

127 1123 297 1149 suorum
318 1109 455 1149 animo
484 1109 707 1164 studioque
738 1109 779 1149 in
810 1124 897 1150 rem
922 1111 1128 1165 publicam
1159 1127 1314 1167 suaque
1345 1112 1522 1167 pristina
1553 1113 1722 1163 virtute,

126 1173 343 1222 industria,
368 1174 584 1215 voluntate
615 1175 763 1215 fecisse
796 1175 907 1229 quod
939 1190 1059 1216 suam
1086 1191 1312 1232 eorumque
1345 1192 1449 1232 quos
1481 1192 1623 1218 secum
1653 1179 1724 1220 ha-

128 1239 248 1280 beret
278 1253 447 1293 operam
475 1239 640 1279 senatui
668 1239 907 1294 populoque
937 1240 1129 1282 Romano
1164 1242 1373 1296 pollicitus
1401 1248 1524 1292 esset,
1549 1258 1724 1298 eamque

127 1317 215 1343 rem
250 1303 415 1344 senatui
446 1303 680 1358 populoque
718 1304 909 1345 Romano
937 1311 1105 1359 gratam
1136 1313 1434 1362 acceptamque
1469 1322 1571 1356 esse,
1605 1308 1724 1364 eique

127 1368 274 1409 honori
307 1368 588 1423 dignitatique
622 1383 715 1409 eam
750 1383 838 1410 rem
879 1370 980 1412 fore.
1044 1370 1141 1412 Hoc
1177 1372 1239 1412 vel
1275 1372 1472 1427 conjungi
1510 1387 1605 1413 cum
1645 1374 1724 1415 hoc

126 1434 491 1474 senatusconsulto
512 1433 625 1482 licet,
648 1433 712 1474 vel
737 1434 901 1489 sejungi
933 1440 1074 1489 potest
1100 1437 1408 1492 separatimque
1439 1439 1653 1492 perscribi,
1676 1446 1724 1480 ut

125 1498 292 1554 proprio
313 1499 675 1540 senatusconsulto
700 1499 929 1554 Pompeius
951 1501 1211 1542 collaudatus
1233 1516 1323 1543 esse
1345 1503 1549 1544 videatur.

169 1632 270 1662 Prius
282 1633 531 1672 undiSflamma]
559 1633 636 1663 This
648 1634 899 1673 wasaproverb,
944 1646 962 1665 a
985 1636 1030 1666 b¹.
1078 1636 1174 1667 Halm
1202 1640 1300 1667 treats
1337 1637 1508 1677 [prodigia]
1547 1638 1622 1668 thus
1645 1647 1678 1667 as
1701 1647 1720 1668 a

124 1675 187 1705 and
203 1675 280 1704 used
297 1675 338 1714 by
350 1676 513 1714 Augustus
529 1676 620 1706 when
637 1676 677 1706 he
693 1677 758 1706 said
775 1677 844 1707 that
861 1677 900 1707 he
943 1679 1107 1718 glossema,
1124 1680 1184 1709 and
1202 1681 1296 1710 omits
1313 1681 1366 1710 the
1384 1684 1391 1697 ⁴
1403 1681 1458 1710 et.'

124 1718 228 1748 would
251 1728 346 1748 never
375 1719 466 1748 allow
489 1719 537 1748 his
568 1719 722 1757 daughter
751 1720 837 1750 Julia
866 1725 899 1750 to
986 1733 1044 1752 nec
1060 1723 1158 1761 facta
1182 1734 1239 1753 nec
1262 1724 1390 1763 nomen]
1442 1723 1492 1753 IIe
1508 1723 1628 1753 alludes
1650 1726 1684 1753 to
1702 1733 1720 1753 a

123 1764 233 1791 return
257 1765 290 1790 to
315 1761 425 1797 Rome,
456 1771 490 1791 as
515 1762 600 1791 Dion
624 1763 695 1792 tells
718 1772 754 1792 us
779 1762 846 1803 (55,
871 1773 898 1793 c.
943 1775 1075 1805 passage
1090 1766 1177 1795 osan
1192 1766 1244 1796 old
1261 1767 1353 1806 play:

127 1803 200 1844 l3):
226 1804 366 1842 θᾶσσον,
380 1804 451 1845 ἔφη,
469 1806 535 1845 πῦρ
559 1803 654 1834 υόατι
675 1806 900 1844 μιχθὴσεσθαι

125 1847 146 1884 ἣ
177 1846 306 1883 ἐκείνην
339 1847 615 1887 καταχθήσεσθαι
653 1847 826 1888 (MuretuS,
859 1849 898 1879 In
1492 1849 1547 1880 ubi

125 1889 285 1920 Ciceronis
303 1890 381 1919 Phil.
400 1889 532 1929 Schol..)
985 1893 1055 1924 Nec
1079 1892 1300 1932 Pelopidarum
1325 1903 1440 1923 nomen
1468 1903 1525 1922 nec
1555 1892 1637 1922 facta
1662 1903 1719 1923 au-

171 1932 218 1971 [et
230 1933 418 1972 prodiqia]]
445 1933 479 1963 b2'
498 1932 555 1973 (m.
573 1934 607 1971 2)
624 1944 643 1964 a
665 1934 685 1970 i,
713 1935 894 1974 ‘prodigia’
1070 1935 1190 1966 diam.’'
1411 1935 1599 1976 (Muretus.)
