1816 3211
712 185 844 227 GAP.
880 187 917 235 1,
942 187 980 226 2.
1561 193 1642 233 595

48 297 183 353 possit
203 298 469 339 incendium?
530 298 680 354 Itaque
707 298 842 347 iidem,
867 299 985 353 quasi
1016 299 1175 353 providi
1209 298 1319 340 cives
1346 304 1387 341 et
1421 306 1641 345 senatores

49 363 283 418 diligentes,
314 364 504 405 bellicum
535 379 601 405 me
633 363 832 404 cecinisse
863 363 1022 411 dicunt,
1045 364 1278 418 suscipiunt
1310 365 1426 419 pacis
1456 368 1641 420 patroci-

22 449 24 452 .
46 428 174 468 nium.
235 428 385 469 Nonne
406 429 465 469 sic
488 429 733 484 disputan-t?
764 428 917 468 irritari
943 428 1177 470 Antonium
1208 444 1289 469 non
1322 431 1535 484 oportuit:
1569 447 1639 472 ne-

46 507 172 548 quam
197 499 262 534 est
293 494 416 533 homo
447 493 515 534 ille
546 499 673 548 atque
701 493 941 538 confidens;
976 493 1095 533 multi
1126 502 1345 548 praeterea
1373 494 1549 550 improbi
1566 513 1640 542 ;—-

45 572 150 612 quos
172 557 337 612 quidem
357 572 383 598 a
409 572 453 598 se
480 557 657 612 primum
679 572 897 598 numerare
930 564 1121 612 possunt,
1144 558 1214 613 qui
1247 559 1347 599 haec
1380 559 1635 614 loquuntur:

45 637 173 663 —eos
195 623 401 663 cavendos
423 637 512 662 esse
539 623 800 663 denuntiant.
864 622 1022 663 Utrum
1049 622 1179 676 igitur
1210 623 1251 663 in
1280 624 1449 666 nefariis
1480 626 1638 667 civibus

43 687 268 728 ulciscendi
283 702 409 742 quum
430 688 575 741 possis,
594 703 646 727 an
668 687 988 742 pertimescendi
1010 688 1249 742 diligentior
1270 690 1409 730 cautio
1431 693 1522 731 est?
1576 691 1636 732 II.

44 751 189 807 Atque
210 752 312 793 haec
333 752 361 792 ii
382 753 620 807 loquuntur,
646 752 715 806 qui
744 753 952 806 quondam
974 758 1147 807 propter
1171 753 1387 794 levitatem
1415 756 1637 810 populares

43 818 319 858 habebantur.
383 817 450 857 Ex
467 832 547 872 quo
569 817 745 871 intelligi
766 822 908 871 potest
923 817 1062 857 animo
1079 817 1171 857 illos
1187 819 1452 860 abhorruisse
1474 835 1638 875 semper

42 884 96 924 ab
118 883 275 937 optimo
296 883 479 924 civitatis
500 887 628 932 statu,
647 897 729 922 non
750 883 965 923 voluntate
981 882 1107 922 fuisse
1129 884 1362 937 populares,
1426 884 1506 936 Qui
1528 885 1637 924 enim

43 949 180 989 evenit
201 953 260 999 ut,
285 948 353 1003 qui
375 949 416 989 in
438 949 562 989 rebus
582 948 782 1003 improbis
803 948 1025 1004 populares
1054 948 1222 997 fuerint,
1255 949 1379 989 iidem
1411 949 1453 989 in
1480 964 1526 989 re
1553 964 1638 989 una

40 1013 220 1054 maxime
247 1014 450 1068 populari,
475 1013 584 1068 quod
617 1014 764 1054 eadem
797 1013 993 1054 salutaris
1025 1014 1084 1053 rei
1105 1012 1294 1068 publicae
1326 1013 1394 1063 sit,
1418 1014 1636 1068 improbos

41 1093 87 1119 se
108 1093 233 1133 quam
261 1079 482 1134 populares
503 1093 594 1119 esse
615 1079 792 1120 malint?
837 1078 912 1119 Me
933 1078 1102 1133 quidem
1123 1093 1300 1133 semper,
1325 1078 1386 1120 uti
1408 1079 1540 1129 scitis,
1565 1080 1637 1119 ad-

41 1143 268 1184 versarium
294 1143 577 1185 multitudinis
605 1143 836 1185 temeritati
858 1144 962 1184 haec
994 1144 1095 1185 fecit
1126 1143 1457 1198 praeclarissima
1487 1158 1639 1184 caussa

41 1207 294 1262 popularem.
339 1208 399 1249 Et
415 1209 581 1263 quidem
598 1209 805 1258 dicuntur,
824 1208 886 1248 vel
904 1208 1046 1262 potius
1063 1223 1107 1248 se
1124 1208 1202 1263 ipsi
1220 1209 1365 1249 dicunt
1383 1209 1636 1258 consulares,

41 1287 121 1327 quo
139 1273 303 1314 nomine
321 1274 471 1328 dignus
488 1278 554 1313 est
571 1287 704 1320 nemo,
723 1272 801 1313 nisi
819 1272 887 1327 qui
904 1273 1013 1313 tanti
1035 1273 1204 1313 honoris
1221 1288 1370 1313 nomen
1388 1279 1533 1328 potest
1549 1288 1640 1314 sus-

41 1337 187 1379 tinere.
243 1338 407 1378 Faveas
427 1343 476 1379 tu
497 1338 609 1379 hosti
627 1339 640 1378 ῖ
660 1338 727 1378 ille
749 1338 914 1378 litteras
936 1338 988 1377 ad
1010 1342 1053 1378 te
1075 1338 1220 1378 mittat
1241 1338 1292 1379 de
1313 1353 1388 1378 sua
1404 1354 1478 1393 spe
1500 1353 1639 1379 rerum

41 1402 316 1443 secundarum
334 1403 346 1442 ’ἓ
371 1417 442 1443 eas
463 1409 509 1443 tu
530 1403 666 1444 laetus
687 1402 887 1457 proferas,
910 1401 1075 1450 recites7
1099 1402 1397 1444 describendas
1419 1403 1546 1444 ctiam
1564 1404 1638 1444 des

41 1467 241 1521 improbis
257 1467 416 1508 civibus
433 1468 446 1508 ἓ
467 1482 607 1508 eorum
625 1482 779 1522 augeas
795 1467 954 1508 animos
969 1468 981 1507 ἕ
1004 1467 1207 1507 bonorum
1225 1482 1340 1521 spem
1356 1468 1638 1522 virtutemque

42 1532 262 1573 debilites?
293 1538 336 1574 et
368 1538 411 1573 te
440 1533 699 1573 consularem
731 1537 805 1572 aut
837 1538 1087 1580 senatorem,
1113 1532 1288 1586 denique
1321 1532 1452 1573 civem
1487 1533 1637 1588 putes?

42 1597 240 1651 Accipiet
272 1596 312 1637 in
346 1598 546 1652 optimam
580 1602 745 1652 partem
781 1597 826 1638 G.
859 1597 1012 1644 Pansa,
1043 1596 1296 1637 fortissimus
1332 1598 1476 1638 consul
1509 1603 1637 1652 atque

41 1662 237 1716 optimus.
299 1661 468 1703 Etenim
511 1662 648 1702 dicam
688 1662 826 1702 animo
866 1661 1119 1701 amicissimo
1139 1677 1147 1701 ε
1195 1661 1304 1702 hunc
1345 1661 1493 1716 ipsum,
1536 1661 1637 1702 mihi

40 1726 248 1767 hominem
268 1727 646 1776 famifiarissinrum,
669 1726 746 1766 nisi
774 1726 870 1767 talis
897 1726 1041 1766 consul
1071 1731 1183 1767 esset
1214 1732 1261 1766 ut
1293 1741 1437 1766 omnes
1458 1726 1633 1781 vigilias,

41 1805 175 1840 curas,
198 1792 478 1847 cogitationes
506 1792 547 1832 in
575 1792 634 1833 rei
666 1791 856 1847 publicae
889 1791 1026 1832 salute
1059 1791 1274 1846 defigeret,
1310 1791 1521 1831 consulem
1553 1805 1636 1831 non

40 1861 246 1911 putarem.
307 1857 566 1912 Quamquam
588 1872 665 1898 nos
685 1857 738 1897 ab
756 1856 925 1897 ineunte
946 1856 1055 1897 illius
1076 1861 1217 1897 aetate
1234 1870 1344 1903 usus,
1362 1856 1633 1904 consuetudo,

41 1922 276 1962 studiorum
308 1923 437 1963 etiam
468 1922 860 1963 honestissimorum
885 1921 1065 1962 societas
1093 1920 1403 1975 similitudoque
1430 1920 1632 1968 devinxit,

40 1986 308 2041 ejusdemque
329 2001 429 2027 cura
449 1987 715 2035 incredibilis,
734 1986 774 2026 in
796 1986 1036 2041 asperrimis
1058 1985 1152 2026 belli
1175 1985 1306 2026 civilis
1328 1985 1522 2040 periculis
1542 1999 1633 2039 per-

40 2056 199 2106 specta,
222 2051 362 2091 docuit
393 2065 475 2091 non
503 2051 627 2091 modo
655 2050 815 2099 salutis,
840 2051 914 2090 sed
948 2050 1075 2090 etiam
1104 2049 1322 2103 dignitatis
1354 2064 1472 2090 meae
1505 2049 1633 2090 fuisse

39 2117 271 2162 fautorcn1;
306 2119 447 2156 tamen
479 2115 667 2163 eundem,
699 2119 746 2155 ut
781 2114 878 2163 dixi,
917 2113 993 2154 nisi
1024 2114 1121 2154 talis
1152 2113 1295 2154 consul
1326 2119 1450 2161 esset,
1480 2128 1633 2168 negare

39 2196 131 2222 esse
153 2180 366 2221 consulem
387 2180 596 2220 auderem.
661 2179 777 2219 idem
808 2193 889 2218 non
917 2178 1039 2218 modo
1062 2178 1274 2218 consulem
1305 2192 1396 2218 esse
1428 2178 1536 2226 dieo,
1559 2177 1632 2217 sed

40 2246 167 2288 etiam
189 2244 388 2285 memoria
408 2259 500 2284 mea
521 2243 929 2298 praestantissimum
945 2250 1071 2296 atque
1088 2242 1291 2296 optimum
1308 2241 1530 2290 consulem,
1550 2257 1632 2282 non

40 2310 139 2364 quin
159 2309 249 2364 pari
271 2309 426 2350 virtute
447 2314 490 2350 et
511 2309 727 2349 voluntate
747 2307 815 2347 alii
846 2307 1012 2355 fuerint,
1036 2307 1110 2346 scd
1141 2312 1304 2347 tantam
1327 2321 1518 2347 caussam
1548 2321 1631 2347 non

39 2375 276 2414 habuerunt
316 2374 356 2414 in
396 2388 476 2428 qua
516 2379 559 2414 et
594 2373 852 2414 voluntatem
888 2377 931 2412 et
966 2371 1163 2412 virtutem
1204 2386 1320 2412 suam
1356 2371 1629 2412 declararent.

42 2439 185 2494 Hujus
206 2438 483 2494 magnitudini
504 2438 641 2488 animi,
665 2437 876 2492 gravitati,
899 2436 1130 2491 sapientiae
1152 2442 1382 2491 tempestas
1402 2443 1469 2478 est
1489 2437 1630 2478 oblata

83 2564 230 2593 bellicum
246 2561 410 2600 cecinisse]
451 2561 558 2590 Thatl
575 2560 653 2590 have
669 2559 808 2589 sounded
855 2559 961 2589 cendis
979 2582 986 2589 .
1005 2581 1012 2589 .
1031 2581 1038 2588 .
1056 2559 1337 2598 pertimescendis.'

38 2606 93 2636 the
109 2605 208 2644 signal
225 2604 272 2634 for
287 2604 394 2633 battle.
442 2606 460 2620 ¹‘
473 2603 573 2632 Simul
596 2607 691 2641 atque
713 2602 809 2641 aliqui
897 2604 927 2632 2.
947 2602 1136 2641 populares]
1187 2603 1244 2631 Sec
1263 2602 1372 2636 Index,
1397 2602 1467 2632 Vol.
1485 2602 1626 2632 i.—‘ad-

40 2652 144 2678 motus
161 2658 260 2677 novus
283 2647 429 2676 bellicum
446 2656 556 2676 canere
571 2646 674 2684 coepit
688 2644 708 2657 '¹
734 2645 810 2685 (Pro
855 2645 1022 2674 versarium
1037 2644 1057 2674 ε’
1082 2645 1121 2680 V,
1140 2645 1358 2687 ‘adversatum
1373 2644 1379 2657 ’
1400 2645 1440 2674 D.

38 2691 184 2725 Murena,
202 2701 227 2720 c,
246 2690 308 2729 14).
898 2688 1017 2717 Furens
1047 2690 1082 2717 tu
1113 2688 1242 2726 hostis]
1296 2688 1344 2717 lle
1368 2687 1530 2716 addresses
1563 2688 1625 2717 this

76 2733 185 2773 pacis]
236 2731 373 2762 Ursini’s
399 2731 578 2769 conjecture
605 2730 635 2759 in
662 2730 748 2769 place
779 2729 814 2759 of
854 2732 886 2759 to
903 2740 988 2759 some
1004 2734 1139 2765 senator,
1155 2740 1190 2759 or
1206 2731 1231 2759 if
1251 2730 1312 2759 itis
1330 2734 1385 2758 not
1408 2730 1574 2758 nddressed
1592 2735 1624 2758 to

37 2776 93 2806 the
119 2775 264 2813 readings
293 2774 429 2813 ‘patris'
454 2774 515 2803 and
534 2777 540 2790 ¹
556 2772 809 2812 partis.'—‘irri-
853 2783 914 2812 any
941 2773 1108 2812 particular
1138 2777 1274 2808 senator,
1300 2772 1325 2801 it
1350 2772 1375 2801 is
1401 2772 1549 2801 intended
1577 2772 1625 2800 for

37 2819 97 2849 tari
111 2818 118 2831 '
146 2819 185 2854 D,
226 2823 232 2834 ¹
247 2818 402 2847 irritatum
415 2816 422 2829 ’
465 2817 626 2845 Halm.—‘
639 2815 806 2845 ulciscendi
850 2815 914 2845 him
932 2819 965 2844 to
982 2815 1083 2844 whom
1100 2816 1125 2844 it
1141 2815 1242 2845 would
1259 2815 1364 2854 npply.

39 2883 47 2891 .
65 2883 74 2891 .
93 2884 100 2892 .
129 2860 370 2901 pertimescendi
388 2859 408 2888 :’
447 2859 501 2888 the
538 2858 667 2897 reading
696 2857 731 2887 of
765 2857 804 2894 V,
892 2859 1040 2896 Accipiet
1057 2859 1089 2887 in
1105 2858 1273 2897 optimam]
1311 2857 1346 2887 C.
1364 2857 1462 2886 Pansa
1474 2855 1534 2884 will
1552 2855 1624 2885 take

38 2903 140 2934 which
163 2904 189 2933 is
215 2902 389 2943 preferable
414 2904 446 2932 to
470 2901 522 2931 the
546 2901 674 2940 reading
698 2903 705 2917 ‘
718 2899 807 2930 ulcis·
853 2900 884 2930 in
901 2900 982 2939 good
998 2903 1068 2940 part
1084 2901 1167 2930 what
1184 2900 1223 2930 he
1238 2900 1264 2930 is
1280 2900 1376 2939 going
1391 2903 1423 2928 to
1439 2908 1503 2937 say.

789 2948 908 2996 qu
