1899 3227
180 176 234 215 401·
632 173 809 215 ORAT.
847 172 965 213 PRO
1006 173 1067 214 M.
1101 171 1326 213 CAELIO

180 288 249 343 qui
265 287 334 329 isti
351 287 481 328 aetati
505 287 650 341 [atque
668 287 793 327 etiam
808 285 874 327 isti
894 285 1110 339 dignitati]
1131 300 1213 325 non
1235 283 1368 339 possit
1390 297 1513 337 quam
1536 284 1633 326 velit
1655 289 1774 340 petu-

179 354 326 402 lanter,
350 352 475 393 etiam
497 352 531 392 si
560 352 648 392 sine
682 352 764 391 ulla
795 350 1042 405 suspicione,
1063 354 1108 390 at
1138 364 1219 389 non
1252 349 1341 388 sine
1371 354 1619 401 argumento
1650 350 1774 390 male-

181 418 346 458 dicere?
407 417 489 457 Sed
523 417 696 456 istarum
728 415 911 469 partium
942 415 1062 469 culpa
1089 419 1153 454 est
1181 428 1325 454 eorum
1346 412 1414 467 qui
1444 417 1487 454 te
1516 427 1640 467 agere
1663 415 1774 454 volu-

181 487 330 530 erunt3
377 483 467 522 laus
497 480 666 535 pudoris
698 480 771 528 tui,
808 480 918 533 quod
955 493 1003 518 ea
1035 483 1077 519 te
1112 478 1291 518 invitum
1327 477 1463 517 dicere
1500 477 1772 526 videbamus3

180 547 346 601 ingenii,
366 547 473 600 quod
491 550 636 585 ornato
654 544 860 598 politeque
875 543 1032 584 dixisti.
1097 542 1178 583 IV.
1207 542 1367 582 Verum
1388 542 1441 581 ad
1463 541 1589 583 ist-am
1611 558 1777 583 omnem

182 612 412 652 orationem
445 610 581 650 brevis
614 615 679 649 est
711 608 908 648 defensio.
973 607 1081 647 Nam
1114 607 1250 661 quoad
1278 611 1398 647 aetas
1433 606 1495 646 M.
1518 607 1646 647 Caelii
1677 608 1776 648 dare

180 675 318 730 potuit
339 674 407 714 isti
429 673 654 728 suspicioni
676 673 823 721 locum,
840 673 918 713 fuit
940 672 1116 727 primum
1138 671 1267 725 ipsius
1289 671 1457 725 pudore,
1477 671 1625 711 deinde
1647 672 1776 712 etiam

180 739 311 794 patris
342 738 557 791 diligentia
585 737 887 792 disciplinaque
919 736 1091 786 munita,
1123 736 1204 790 qui,
1237 740 1285 776 ut
1317 735 1412 775 huic
1444 735 1602 775 virilem
1632 740 1778 790 togam

181 804 456 845 dedit—nihil
479 803 614 843 dicam
635 803 713 842 hoc
736 802 825 842 loco
849 802 899 841 de
921 816 999 849 me,
1024 806 1188 841 tantum
1221 800 1278 841 sit
1310 805 1514 855 quantum
1536 815 1608 840 vos
1635 800 1779 841 existi-

180 869 316 916 mat-is,
339 869 418 908 hoc
439 868 586 916 dicam,
609 867 717 906 hunc
738 881 763 906 a
785 870 905 920 patre
937 865 1134 905 continuo
1166 866 1220 905 ad
1249 879 1312 904 me
1343 880 1435 905 esse
1462 865 1690 906 deductum
1705 882 1777 911 ς-

180 947 300 974 1181110
323 933 431 973 1111118
457 932 518 972 M.
543 923 725 973 Caelium
747 930 787 970 in
811 930 878 970 illo
900 929 1054 970 aetatis
1075 929 1174 969 flore
1192 930 1307 978 vidit,
1331 929 1409 969 nisi
1429 934 1504 970 aut
1525 943 1619 970 cum
1641 935 1773 984 patre,

180 1002 254 1038 aut
275 1012 436 1037 mecum
463 1001 537 1037 aut
558 996 599 1036 in
624 996 685 1036 M.
710 994 850 1037 Crassi
877 994 1112 1036 castissima
1134 994 1271 1043 domo,
1295 1008 1423 1049 quum
1443 994 1606 1035 artibus
1627 995 1776 1035 hones-

179 1062 357 1103 tissimis
380 1061 625 1101 erudiretur.

239 1126 347 1166 Nam
370 1127 477 1180 quod
502 1125 705 1166 Catilinae
735 1124 997 1165 familiaritas
1019 1124 1185 1177 objecta
1207 1123 1346 1164 Caelio
1375 1128 1452 1174 est,
1476 1124 1598 1178 longe
1619 1124 1672 1164 ab
1694 1123 1778 1164 ista

180 1191 412 1245 suspicione
447 1190 670 1230 abhorrere
703 1190 842 1230 debet.
907 1189 1003 1229 Hoc
1041 1188 1150 1228 enim
1183 1189 1448 1228 adolescente
1480 1188 1598 1229 scitis
1629 1203 1776 1229 consu-

178 1257 309 1297 latum
341 1270 505 1296 mecum
536 1254 692 1308 petisse
725 1254 974 1301 Catilinam3
1020 1254 1072 1293 ad
1095 1267 1217 1306 quem
1248 1253 1282 1292 si
1313 1253 1493 1293 accessit
1513 1258 1585 1294 aut
1610 1253 1643 1293 si
1665 1268 1690 1293 a
1711 1268 1777 1294 me

181 1320 373 1360 discessit
405 1334 613 1373 umquam,
648 1333 902 1372 quamquam
935 1317 1053 1357 multi
1086 1317 1183 1357 boni
1211 1317 1499 1358 adolescentes
1531 1317 1588 1357 illi
1621 1317 1777 1358 homini

179 1399 356 1439 nequam
378 1389 504 1438 atque
521 1384 708 1437 improbo
727 1383 990 1431 studuerunt,
1007 1386 1097 1421 tum
1114 1381 1376 1422 existimetur
1391 1381 1556 1423 Caelius
1572 1382 1777 1423 Catilinae

178 1449 350 1489 nimium
382 1447 597 1488 familiaris
630 1447 894 1487 fuisse—At
925 1447 1034 1487 enim
1067 1452 1216 1500 postea
1243 1446 1396 1486 scimus
1417 1451 1460 1486 et
1482 1446 1657 1486 vidimus
1686 1461 1777 1487 esse

177 1515 287 1555 hunc
315 1514 357 1553 in
384 1513 492 1553 illius
520 1512 843 1564 amicis—Quis
864 1513 1017 1567 negat?
1080 1512 1162 1552 Sed
1193 1526 1270 1566 ego
1297 1512 1397 1551 illud
1419 1519 1585 1565 tempus
1607 1512 1774 1567 aetatis,

179 1579 289 1634 quod
312 1579 444 1633 ipsum
474 1593 549 1618 sua
571 1582 718 1632 sponte
749 1578 972 1625 infirmum,
995 1577 1169 1617 aliorum
1200 1576 1370 1616 libidine
1401 1576 1599 1616 infestum
1632 1580 1709 1625 est,
1733 1576 1775 1615 id

178 1646 255 1685 hoc
275 1645 367 1685 1080
386 1644 578 1685 defendo.
632 1643 735 1683 Fuit
756 1643 949 1682 assiduus
974 1657 1134 1683 mecum
1156 1645 1347 1695 praetore
1369 1655 1460 1687 1ne;
1496 1655 1579 1680 non
1601 1645 1774 1681 noverat

181 1710 416 1752 Catilinam.
468 1709 649 1749 Africam
670 1712 760 1748 tum
773 1713 945 1762 praetor
966 1707 1032 1748 ille
1053 1707 1284 1748 obtinebat.
1333 1705 1515 1746 Secutus
1531 1711 1596 1747 est
1613 1721 1771 1747 annus:

223 1827 318 1863 atque
342 1825 437 1854 etiam
460 1824 515 1853 isti
536 1822 703 1861 diynilati]
730 1822 834 1852 These
856 1821 957 1851 words

180 1877 232 1897 are
248 1866 378 1896 omitted
394 1866 426 1895 in
444 1866 477 1895 P.
494 1866 524 1895 S.
553 1867 561 1881 ⁶
574 1865 729 1903 Dignitati
741 1864 748 1877 ’
765 1866 849 1894 must
865 1874 957 1893 mean

183 1913 190 1927 ‘
203 1909 341 1948 beauty‚’
368 1918 400 1938 as
416 1909 447 1938 in
469 1919 486 1937 a
506 1918 635 1947 passage
654 1908 686 1936 in
706 1907 761 1936 the
778 1907 827 1936 De
845 1907 956 1936 Inven-

180 1953 266 1982 tione
275 1952 320 1991 (ii.
331 1951 362 1991 l)
373 1951 475 1980 where
482 1951 589 1981 Cicero
597 1952 623 1979 is
631 1948 956 1989 speakingoneuxis’

181 1995 303 2035 picture
319 1994 356 2024 of
369 1994 482 2023 Helen.
531 1993 582 2022 He
599 2003 668 2032 says
684 1993 737 2022 the
754 1992 956 2022 Crotoniatae

181 2047 259 2067 once
274 2037 410 2067 excelled
435 2037 525 2066 other
541 2036 653 2075 people
680 2038 687 2052 ‘
702 2045 867 2074 corporum
883 2035 955 2064 viri-

181 2081 240 2110 bus
264 2084 295 2110 et
321 2078 670 2118 dignitatibus,’——both
686 2078 718 2108 iu
735 2077 877 2116 strength
893 2077 954 2107 and

182 2123 308 2162 beauty.

224 2166 292 2195 The
308 2165 409 2195 words
423 2166 429 2180 ‘
443 2174 507 2194 non
520 2164 586 2194 sine
596 2163 797 2202 argumento’
813 2172 865 2192 are
881 2162 954 2192 thus

182 2208 348 2248 explained
363 2208 404 2246 by
421 2207 588 2236 Manutius
604 2218 610 2235 :
634 2207 737 2236 There
753 2208 868 2235 cannot
884 2205 922 2234 be
937 2215 956 2234 a

182 2255 266 2281 want
296 2250 330 2279 of
358 2250 537 2287 something
566 2252 599 2278 to
630 2259 684 2288 say
713 2249 834 2286 against
863 2247 955 2277 those

183 2294 193 2310 ‘
205 2303 339 2333 quorum
367 2292 484 2331 species
519 2295 550 2320 et
584 2291 683 2320 forma
715 2290 851 2320 liberalis
886 2290 954 2319 est.’

184 2335 371 2373 Something
390 2344 459 2373 may
476 2334 515 2363 be
531 2333 605 2368 said,
623 2344 699 2363 even
715 2333 742 2362 if
755 2334 842 2362 there
866 2333 891 2362 is
916 2342 956 2362 no

184 2378 361 2417 suspicion3
393 2377 447 2406 the
474 2376 727 2415 ‘argumentum'
745 2386 815 2414 may
839 2379 895 2404 not
917 2375 956 2404 be

184 2424 294 2459 strong
324 2419 448 2457 enough
473 2422 506 2448 to
533 2419 612 2448 raise
642 2429 719 2448 even
743 2429 761 2447 a
787 2418 954 2456 suspicion.

185 2464 294 2494 Cicero
315 2472 384 2501 says
402 2462 523 2502 (TopiC.
542 2461 575 2501 2)
593 2472 599 2490 z
627 2464 647 2477 ‘⁴
659 2461 771 2500 Itaque
790 2461 863 2489 licet
882 2461 957 2489 defi-

184 2507 262 2541 nire,
284 2506 403 2535 Locum
428 2514 495 2534 esse
516 2504 691 2542 argumenti
712 2503 837 2532 sedem:
858 2503 958 2541 Argu-

185 2552 326 2578 mentum
339 2552 444 2577 autem
460 2547 614 2576 rationem
632 2556 711 2586 quae
726 2546 770 2575 rei
786 2546 898 2575 dubiae
914 2545 958 2574 fa-

183 2592 245 2622 ciat
260 2589 390 2620 fidem.'’

228 2636 364 2663 istarum
386 2633 533 2671 partium
555 2631 663 2669 culpa]
690 2631 819 2660 Weiske
841 2630 958 2659 wished

185 2680 218 2706 to
235 2676 353 2714 change
377 2675 431 2704 the
452 2675 586 2712 genitive
610 2674 676 2702 into
703 2673 798 2703 ‘istas
823 2677 925 2711 partes
939 2672 956 2709 ς’

185 2719 243 2749 but
259 2719 335 2748 such
351 2728 369 2747 a
389 2717 508 2755 change
528 2716 630 2745 would
651 2716 729 2754 spoil
751 2716 805 2745 the
826 2716 905 2744 form
927 2715 962 2744 of

185 2762 240 2791 the
264 2764 429 2796 sentence3
457 2760 519 2789 and
543 2760 596 2788 the
623 2758 737 2788 double
760 2759 897 2797 genitive
925 2758 958 2787 in

186 2804 279 2834 Latin
296 2804 321 2833 is
338 2812 494 2832 common.

232 2848 259 2876 4.
283 2847 408 2876 virilem
433 2845 554 2883 toyam]
586 2844 643 2873 See
668 2843 727 2873 Pro
756 2843 866 2879 Sestio,
884 2853 910 2872 c.
927 2844 957 2881 3,

185 2890 247 2919 and
260 2889 314 2918 the
324 2891 463 2918 note.——‘
475 2887 642 2917 deductum
655 2886 674 2915 2’
689 2886 751 2916 this
762 2896 822 2915 was
834 2886 958 2915 Roman

186 2932 319 2969 fashion,
336 2931 397 2961 and
413 2941 432 2960 a
446 2930 527 2970 good
542 2929 675 2960 fashion.
720 2929 750 2959 A
765 2938 871 2968 young
885 2938 958 2958 man

1001 1821 1092 1851 when
1107 1820 1147 1850 he
1167 1820 1228 1849 had
1252 1819 1348 1849 taken
1369 1819 1424 1849 the
1444 1822 1518 1858 toga
1538 1819 1645 1855 virilis,
1661 1819 1731 1849 that
1748 1820 1775 1850 is

1001 1874 1019 1893 a
1033 1874 1138 1903 young
1153 1863 1342 1902 gentleman‚
1360 1872 1422 1891 was
1444 1863 1537 1892 taken
1559 1867 1593 1892 to
1610 1872 1695 1892 some
1711 1863 1774 1892 dis-

1000 1906 1180 1945 tinguished
1202 1915 1313 1945 person
1334 1909 1367 1934 to
1390 1905 1430 1934 be
1451 1905 1547 1934 about
1570 1905 1646 1940 him,
1664 1905 1725 1934 and
1741 1909 1775 1936 to

1000 1949 1086 1978 learn
1102 1949 1182 1978 from
1199 1948 1306 1986 seeing
1321 1947 1405 1976 what
1423 1947 1463 1977 he
1484 1948 1535 1977 did
1554 1948 1616 1977 and
1637 1948 1720 1977 what
1737 1949 1776 1978 118

1001 1991 1077 2020 said.
1124 1991 1232 2021 Cicero
1256 2000 1318 2019 was
1334 1990 1429 2019 taken
1454 1990 1495 2029 by
1511 1991 1559 2020 his
1583 1990 1685 2020 father
1706 1990 1773 2031 (de-

1000 2033 1126 2073 ductus)
1146 2038 1179 2062 to
1207 2033 1246 2066 Q.
1276 2033 1401 2062 Mucius
1424 2033 1572 2062 Scaevola
1595 2033 1649 2062 the
1675 2043 1775 2072 auffir

1001 2080 1069 2106 “ut
1087 2076 1190 2116 quoad
1209 2085 1332 2114 possem
1354 2079 1385 2105 et
1406 2075 1513 2105 liceret
1532 2086 1550 2105 a
1571 2076 1653 2105 senis
1676 2076 1775 2106 latere

999 2129 1173 2158 numquam
1198 2118 1389 2148 discederem
1404 2117 1423 2131 ”
1449 2118 1513 2158 (De
1527 2118 1600 2148 Am.
1619 2128 1645 2148 c.
1667 2120 1700 2155 l;
1723 2129 1774 2149 see

999 2162 1098 2191 Tacit.
1131 2161 1213 2191 Dial.
1243 2161 1292 2190 De
1319 2161 1375 2190 Or.
1401 2171 1426 2190 c.
1457 2161 1503 2200 4).
1562 2161 1610 2190 Sir
1635 2161 1774 2191 Thomas

999 2205 1101 2240 More,
1123 2204 1203 2233 after
1225 2203 1265 2232 he
1289 2207 1343 2241 got
1367 2203 1415 2232 his
1442 2213 1598 2241 grammar
1621 2204 1772 2243 learning,

999 2257 1060 2276 was
1089 2246 1229 2276 received
1258 2246 1325 2275 into
1355 2246 1410 2275 the
1440 2246 1547 2284 family
1564 2246 1599 2275 of
1626 2246 1774 2276 Cardinal

1001 2289 1159 2325 Moreton,
1176 2289 1374 2327 Archbishop
1390 2288 1426 2317 of
1446 2288 1653 2328 Canterbury,
1670 2289 1774 2319 whose

1000 2333 1155 2361 excellent
1181 2331 1324 2371 qualities
1348 2331 1389 2360 he
1414 2331 1470 2360 has
1496 2332 1644 2361 recorded
1669 2332 1702 2361 in
1725 2332 1774 2362 his

1001 2375 1066 2405 Uto
1078 2375 1130 2404 Jia.

1044 2385 1127 2446 illlud
1142 2416 1280 2455 tempus]
1316 2416 1376 2445 His
1391 2416 1500 2455 youth,
1523 2417 1584 2446 and
1605 2416 1659 2446 the
1685 2427 1773 2456 years

1003 2460 1116 2498 during
1131 2459 1230 2489 which
1255 2459 1294 2488 he
1318 2469 1379 2488 was
1404 2459 1503 2488 under
1530 2459 1666 2489 Cicero’s
1693 2470 1772 2490 care.

1004 2506 1011 2519 ‘
1026 2501 1204 2536 Infestum,’
1217 2502 1270 2531 the
1281 2502 1442 2541 participle
1454 2502 1502 2531 of*
1516 2502 1652 2537 inferre,’
1665 2513 1773 2532 means

1004 2544 1176 2579 ‘assailed‚'
1200 2549 1206 2560 ⁴
1220 2544 1387 2574 attacked.’
1435 2545 1554 2575 Gellius
1572 2545 1625 2583 (ix.
1647 2545 1699 2585 12)
1718 2545 1773 2575 has

1003 2597 1090 2617 some
1108 2587 1248 2616 remarks
1264 2597 1304 2616 on
1321 2587 1421 2616 words
1437 2587 1472 2617 of
1485 2588 1547 2616 this
1563 2587 1649 2622 kind,
1670 2588 1773 2617 which

1002 2630 1080 2659 have
1110 2640 1128 2659 a
1158 2630 1271 2659 double
1302 2639 1411 2659 sense:
1443 2630 1615 2660 “Infestus
1645 2631 1773 2669 ancipiti

1003 2682 1128 2711 quoque
1144 2673 1370 2710 significatione
1386 2676 1443 2702 est.
1489 2673 1571 2702 Nam
1590 2676 1621 2702 et
1635 2673 1661 2702 is
1676 2673 1771 2702 infes-

1002 2718 1053 2744 tus
1078 2715 1253 2754 appellatur
1276 2716 1328 2754 qui
1357 2716 1472 2744 malum
1498 2716 1594 2745 infert
1614 2716 1770 2754 cuipiam3

1003 2761 1035 2787 et
1053 2762 1170 2794 contra,
1190 2758 1238 2787 eui
1261 2757 1385 2787 aliunde
1406 2758 1567 2797 impendet
1592 2758 1720 2794 malum,
1747 2758 1773 2787 is

1003 2810 1128 2840 quoque
1170 2800 1304 2837 infestus
1348 2800 1549 2830 dicitur.”—‘
1566 2800 1626 2829 hoc
1671 2800 1771 2829 locoz’

1004 2846 1011 2859 ‘
1025 2843 1121 2879 here,’
1139 2843 1179 2882 by
1195 2843 1280 2872 what
1296 2843 1311 2872 I
1328 2853 1378 2872 arn
1395 2843 1489 2881 going
1503 2845 1537 2872 to
1554 2852 1619 2881 say.

1044 2885 1209 2924 Asi-icam]
1242 2885 1299 2915 See
1325 2886 1380 2914 the
1409 2885 1629 2915 Introduction
1654 2887 1688 2915 to
1717 2884 1772 2914 the

1003 2929 1141 2958 orations
1156 2928 1278 2967 against
1290 2927 1432 2965 Catilina,
1449 2927 1521 2957 Vol.
1537 2927 1577 2957 iii.
