1816 3211
696 187 830 229 cAP.
862 188 928 237 11,
966 188 1031 228 12.
1585 185 1666 227 669

65 301 254 353 probare,
278 315 375 341 nam
405 299 606 342 Martiam
628 304 673 342 et
694 300 900 352 Quartam
931 298 1033 339 nihil
1066 296 1304 353 [cogitetis]
1338 302 1507 352 praeter
1535 297 1667 352 digni-

67 368 203 405 tatem
235 370 278 406 et
306 366 434 406 decus
467 365 816 420 comprobaturas
847 378 940 405 esse
973 368 1089 404 certe
1121 362 1223 404 scio.
1286 361 1409 413 Quid,
1447 366 1668 403 veteranos

65 443 151 469 non
171 431 387 470 veremur?
449 430 560 471 Nam
580 429 718 470 timeri
738 444 782 470 se
803 444 856 470 ne
876 428 956 483 ipsi
977 427 1143 483 quidem
1165 427 1322 468 volunt.
1383 426 1466 467 Sed
1488 441 1669 481 quonam

66 494 190 534 modo
211 495 421 550 accipient
441 495 710 536 severitatem
730 508 865 534 meam
882 494 895 533 ’ἐ
948 492 1091 533 Multa
1112 492 1221 533 enim
1242 491 1344 532 falsa
1366 491 1418 531 de
1439 505 1505 531 me
1526 490 1667 531 audie-

66 565 177 608 runt,
210 560 341 600 multa
362 560 414 600 ad
436 575 508 600 eos
539 558 716 614 improbi
737 558 990 599 detulerunt.
1054 556 1239 608 Quorum
1271 556 1501 604 commoda,
1525 560 1573 596 ut
1594 569 1668 596 vos

65 623 212 677 optimi
252 629 385 665 testes
425 625 538 673 estis,
580 638 744 678 semper
784 637 861 678 ego
902 622 1125 672 sententia,
1168 621 1433 671 auctoritate,
1477 620 1668 661 oratione

64 687 253 736 firmavi3
289 689 363 728 sed
394 688 570 729 credunt
605 688 818 742 imp1·obiS‚
853 688 1031 728 credunt
1061 686 1327 736 turbulentis,
1360 686 1538 727 credunt
1567 685 1666 726 suis.

66 751 174 792 Sunt
204 757 347 793 autem
376 752 507 793 fortes
534 752 591 792 illi
613 753 793 806 quidem,
816 752 889 792 sed
910 756 1084 806 propter
1114 751 1358 791 memoriam
1387 765 1539 799 rerum,
1564 764 1668 805 quas

63 822 284 871 gesserunt
304 831 379 871 pro
401 817 541 871 populi
568 817 747 857 Romani
777 816 974 856 libertate
996 820 1041 857 et-
1060 815 1196 856 salute
1217 815 1277 855 rei
1309 815 1515 869 publicae,
1543 815 1667 855 nimis

63 880 224 922 feroces
245 886 288 922 et
308 882 362 922 ad
382 896 501 922 suam
523 881 606 922 vim
633 881 772 922 omnia
804 885 949 921 nostra
980 879 1152 921 consilia
1178 885 1439 921 revocantes.
1502 880 1669 920 Horum

64 959 142 1000 ego
164 946 464 1000 cogitationem
492 961 576 987 non
596 960 766 993 vereor;
801 945 1004 999 impetum
1034 944 1299 999 pertimesco,
1362 944 1484 985 Haec
1506 959 1669 999 quoque

64 1014 186 1051 tanta
225 1011 408 1066 pericula
439 1011 475 1052 si
512 1011 710 1066 effugero,
753 1010 911 1051 satisne
951 1014 1092 1050 tutum
1132 1008 1313 1049 reditum
1353 1009 1512 1063 putatis
1551 1009 1668 1051 fore?

66 1075 204 1126 Quum
226 1076 335 1116 enim
362 1081 406 1118 et
427 1081 611 1117 vestram
637 1075 938 1116 auctoritatem
958 1088 1051 1114 meo
1072 1088 1187 1114 more
1209 1074 1443 1124 defendero,
1468 1080 1511 1115 et
1532 1090 1669 1115 meam

64 1139 190 1180 fidem
211 1141 269 1181 rei
289 1141 482 1196 publicae
513 1140 874 1195 constantiamque
904 1138 1171 1194 praestitero,
1196 1144 1287 1180 tum
1318 1145 1441 1181 erunt
1462 1140 1563 1180 mihi
1584 1155 1668 1181 non

65 1204 93 1245 ii
115 1205 248 1245 solum
279 1206 348 1261 qui
373 1221 439 1247 me
461 1207 652 1256 oderunt,
686 1205 759 1245 sed
780 1204 838 1244 illi
867 1204 996 1245 etiam
1028 1203 1098 1258 qui
1130 1203 1316 1244 invident
1351 1204 1666 1245 extimescendi.

66 1269 340 1311 Custodiatur
370 1271 499 1326 igitur
519 1270 605 1311 vita
636 1283 729 1310 mea
756 1269 815 1310 rei
846 1269 1052 1323 publicae,
1080 1282 1212 1322 eaque
1234 1269 1372 1323 quoad
1394 1269 1457 1309 vel
1482 1269 1667 1323 dignitas

64 1335 127 1376 vel
163 1340 314 1376 natura
353 1336 539 1390 patietur
577 1335 742 1390 patriae
782 1338 1044 1381 reservetur3
1094 1347 1208 1373 mors
1253 1337 1328 1373 aut
1367 1334 1667 1375 necessitatem

65 1400 219 1441 habeat
238 1400 325 1450 fati‚
349 1406 434 1451 aut,
459 1400 493 1441 si
513 1406 611 1441 ante
634 1399 870 1454 oppetenda
891 1403 969 1448 est,
989 1403 1216 1452 oppetatur
1237 1412 1329 1438 cum
1352 1398 1496 1451 gloria.
1545 1398 1665 1440 Haec

65 1479 190 1519 quum
214 1465 273 1506 ita
294 1465 390 1514 sint,
414 1465 494 1506 etsi
517 1465 624 1505 hanc
645 1464 899 1519 legationem
920 1477 988 1503 res
1009 1462 1186 1517 publica,
1209 1467 1258 1503 ut
1278 1462 1485 1503 levissime
1514 1463 1664 1512 dicam,

64 1544 147 1570 non
188 1529 411 1579 desiderat,
456 1535 609 1578 tamen,
654 1529 690 1569 si
732 1533 827 1569 tuto
867 1527 1008 1568 licebit
1045 1527 1116 1576 ire,
1154 1527 1406 1581 proficiscar.
1470 1528 1664 1578 Omnino,

65 1599 208 1649 patres
240 1593 478 1649 conscripti,
516 1598 655 1635 totum
688 1593 861 1648 hujusce
889 1592 948 1633 rei
981 1591 1196 1632 consilium
1228 1606 1312 1632 non
1348 1591 1530 1646 periculo
1558 1608 1664 1643 meo,

64 1659 139 1699 sed
168 1657 352 1699 utilitate
380 1658 439 1699 rei
470 1658 659 1712 publicae
687 1657 852 1698 metiar.
913 1657 980 1697 De
1013 1671 1094 1711 qua
1124 1656 1236 1705 mihi,
1271 1657 1466 1711 quoniam
1487 1657 1666 1699 liberum

63 1728 130 1764 est
164 1723 359 1778 spatium,
405 1722 623 1778 [multum]
662 1723 789 1764 etiam
828 1727 954 1777 atque
990 1722 1118 1763 etiam
1159 1721 1511 1762 considerandum
1547 1728 1662 1778 puto,

62 1787 186 1843 idque
217 1787 480 1842 potissimum
513 1787 752 1828 faciendum
783 1787 894 1842 quod
920 1787 1102 1828 maxime
1135 1786 1340 1828 interesse
1375 1787 1434 1827 rci
1471 1788 1663 1841 publicae

58 1853 315 1907 judicavero.

113 1964 309 2004 [coyitetisss
358 1965 472 2001 Codd.‚
496 1965 555 1995 but
580 1968 594 1995 t
620 1966 677 1996 has
704 1966 839 2005 ‘cogita-
883 1976 1001 1996 —nam
1032 1966 1137 1997 timeri
1157 1989 1164 1996 .
1188 1989 1195 1996 .
1219 1989 1226 1996 .
1242 1967 1537 2006 volunt—quonam
1568 1966 1664 1996 modo

65 2006 130 2036 tis.'
175 2007 278 2037 There
294 2008 319 2037 is
336 2017 422 2037 some
437 2017 534 2044 error,
551 2008 608 2038 but
623 2009 648 2038 it
670 2009 696 2038 is
713 2008 790 2038 hard
806 2012 840 2038 to
884 2009 1061 2047 accipiant.'
1089 2013 1096 2026 ‘
1111 2009 1165 2039 sed
1182 2010 1356 2049 accipient'
1372 2009 1395 2049 (ι
1407 2010 1562 2049 accipiant
1574 2009 1580 2020 '
1599 2020 1617 2039 a
1628 2009 1661 2048 g)

66 2059 120 2088 say
151 2049 235 2079 what
263 2050 289 2079 it
315 2050 350 2079 is.
399 2050 494 2080 Halm
519 2050 666 2080 observes
696 2051 765 2080 that
790 2051 840 2080 his
884 2061 902 2080 a
918 2051 938 2080 b
954 2062 974 2089 g
989 2052 1010 2080 i.

67 2091 163 2122 MSS.
189 2093 279 2131 point
303 2092 386 2122 what
409 2092 528 2123 follows
552 2093 649 2122 thus:
675 2096 838 2132 ‘compro-
927 2103 1038 2123 vereor
1055 2116 1061 2123 .
1080 2116 1088 2124 .
1107 2116 1114 2123 .
1132 2094 1342 2133 pertimesco]
1393 2095 1443 2123 He
1467 2104 1537 2133 says
1561 2094 1662 2124 above

65 2133 192 2164 baturas
207 2144 284 2164 esse.
317 2138 401 2165 certe
416 2134 500 2164 scio.'
549 2135 611 2165 But
634 2136 659 2165 it
679 2136 704 2164 is
728 2135 839 2174 hardly
884 2138 891 2152 ⁴
906 2145 1049 2166 veremur
1063 2136 1070 2150 ’
1087 2137 1149 2166 and
1162 2140 1168 2152 ‘
1180 2136 1307 2166 timeri!
1354 2138 1412 2166 Sec
1430 2137 1509 2166 Phil.
1521 2147 1550 2166 v.
1564 2147 1590 2165 c.
1611 2137 1660 2173 18,

65 2177 203 2216 possible
229 2178 298 2208 that
326 2181 429 2207 ‘certe
455 2177 537 2207 scio'
561 2187 596 2207 or
622 2181 727 2208 ‘certo
752 2178 816 2208 scio
831 2178 837 2190 '
883 2179 944 2208 and
961 2179 1015 2208 the
1032 2182 1117 2209 note.

65 2230 123 2249 can
140 2221 231 2250 stand
248 2220 289 2259 by
305 2220 399 2250 itself.
926 2222 992 2250 ‘rita
1010 2243 1017 2250 .
1036 2244 1043 2250 .
1063 2244 1069 2251 .
1087 2231 1185 2260 eaque
1208 2222 1328 2261 quoad]
1358 2224 1364 2238 ‘
1379 2222 1475 2259 vitu†
1487 2231 1510 2254 r.
1529 2231 1560 2261 p.
1577 2231 1659 2257 men,

111 2263 177 2293 Sed
191 2273 328 2302 quonam
343 2262 452 2302 modo]
496 2262 591 2293 Halm
607 2262 664 2292 has
678 2265 684 2279 ‘
697 2272 841 2293 veremur
886 2263 990 2303 quoad
1004 2263 1012 2277 '
1032 2264 1140 2295 Halm.
