1816 3211
94 196 175 237 668
222 193 401 236 ORAT.
423 193 936 236 PHILIPPICARUM
973 193 1158 235 LIBER
1189 194 1622 238 DUODEOIMUS.

93 307 244 349 Vettio
283 307 465 349 Scatone
500 307 605 348 duce
637 307 877 348 Marsorum
907 307 1017 349 inter
1051 308 1150 348 bina
1181 311 1321 348 castra
1353 308 1579 350 collocutus
1600 314 1678 350 est.

93 373 185 425 Quo
218 373 385 428 quidem
418 372 585 412 memini
619 372 715 412 Sex.
749 371 1004 426 Pompeium,
1039 372 1213 413 fratrem
1246 373 1441 422 consulis,
1475 374 1527 414 ad
1560 374 1682 415 collo-

90 438 231 492 quium
259 438 396 492 ipsum
429 437 562 476 Roma
587 435 737 483 venire,
770 436 940 476 doctum
965 437 1097 477 virum
1128 442 1253 491 atque
1284 437 1527 491 sapientem,
1559 452 1682 492 quem

91 517 217 556 quum
260 502 386 542 Scato
422 501 656 549 salutasset,
693 500 853 551 ‘Quem
885 506 927 541 te
966 500 1226 556 appellemZ'
1277 501 1425 555 inquit.
1489 501 1551 542 At
1583 502 1677 549 illez,

93 572 103 588 ⁶
122 566 355 607 Voluntate
387 565 604 619 hospitem,
635 564 887 605 necessitate
919 565 1110 607 hostem?
1170 566 1279 606 Erat
1310 565 1352 605 in
1382 566 1451 605 illo
1480 565 1684 620 colloquio

90 631 291 685 aequitas,
334 630 470 670 nullus
510 629 647 679 timor,
685 629 798 669 nulla
838 630 1010 671 suberat
1059 630 1252 685 suspicio,
1301 629 1511 671 mediocre
1556 630 1683 671 etiam

91 696 244 735 odium.
308 695 403 735 Non
424 694 535 735 enim
555 699 603 735 ut
623 693 832 748 eriperent
852 694 973 735 nobis
994 695 1096 736 socii
1118 695 1342 744 civitatem,
1366 695 1440 735 sed
1460 699 1509 735 ut
1530 694 1571 734 in
1593 709 1684 735 eam

89 759 374 815 reciperentur
394 760 610 814 petebant.
673 758 787 799 Sulla
809 773 903 799 cum
927 759 1120 814 Scipione
1142 760 1253 800 inter
1274 758 1394 799 Cales
1415 764 1458 800 et
1480 759 1682 808 Teanum,

91 839 218 879 quum
241 825 349 865 alter
378 823 607 864 nobilitatis
634 822 791 871 florem,
815 823 923 863 alter
952 823 1046 863 belli
1067 823 1202 864 socios
1222 823 1492 872 adhibuisset,
1515 824 1566 864 de
1586 838 1684 864 auc-

90 889 266 930 toritate
294 893 478 938 senatus,
513 888 563 928 de
592 887 800 942 suffragiis
821 887 974 942 populi,
1006 888 1057 928 de
1084 889 1180 942 jure
1210 887 1405 935 civitatis,
1431 888 1545 942 leges
1575 887 1685 928 inter

91 968 137 994 se
158 958 202 994 et
223 953 481 995 conditiones
501 952 781 993 contulerunt.
845 952 940 992 Non
961 953 1098 993 tenuit
1119 951 1285 992 omnino
1317 951 1565 1006 colloquium
1585 952 1685 992 illud

91 1018 246 1065 fidem3
280 1033 305 1058 a
325 1017 364 1058 vi
386 1022 525 1058 tamen
547 1016 811 1071 periculoque
832 1016 980 1057 abfuit.
1042 1016 1156 1057 XII.
1191 1016 1474 1056 Possumusne
1494 1015 1623 1071 igitur
1643 1016 1685 1056 in

92 1082 269 1124 Antonii
296 1081 516 1123 latrocinio
551 1095 683 1135 aeque
713 1094 805 1120 esse
835 1080 946 1122 tuti?
1007 1080 1102 1121 Non
1131 1095 1363 1134 possumus,
1387 1085 1473 1129 aut,
1496 1080 1531 1121 si
1555 1080 1685 1121 ceteri

89 1153 278 1203 possunt,
302 1161 366 1186 me
387 1160 511 1200 posse
532 1146 686 1185 diffido.
747 1145 869 1196 Quod
890 1144 924 1185 si
945 1159 1028 1185 non
1049 1150 1171 1186 extra
1195 1150 1335 1185 castra
1356 1145 1683 1199 congrediemur,

92 1227 198 1267 quae
234 1212 287 1251 ad
324 1211 572 1265 colloquium
613 1213 751 1250 castra
783 1210 1026 1250 sumentur?
1088 1209 1138 1249 In
1168 1215 1312 1249 nostra
1353 1208 1419 1249 ille
1459 1223 1686 1264 numquam

91 1277 242 1325 veniet,
260 1276 392 1317 multo
408 1275 544 1315 minus
566 1288 642 1314 nos
663 1273 705 1314 in
726 1273 847 1315 illius.
909 1273 1134 1328 Reliquum
1150 1278 1216 1315 est
1236 1278 1284 1314 ut
1300 1278 1343 1314 et
1364 1274 1622 1328 accipiantur
1643 1279 1686 1314 et

91 1341 361 1382 remittantur
381 1340 593 1395 postulata
613 1353 687 1394 per
713 1338 883 1380 literas:
918 1353 1017 1393 ergo
1040 1339 1193 1379 erimus
1213 1339 1255 1379 in
1277 1338 1441 1379 castris.
1505 1339 1606 1379 Mea
1633 1339 1686 1379 ad

92 1406 230 1447 omnia
262 1406 475 1461 postulata
507 1420 590 1445 una
626 1404 847 1454 sententia,
882 1419 1005 1459 quam
1036 1419 1163 1459 quum
1192 1404 1260 1445 hic
1281 1404 1399 1444 vobis
1419 1404 1686 1446 audientibus

93 1471 247 1519 dixero,
271 1471 353 1512 isse
375 1475 418 1511 et
439 1469 598 1510 redisse
619 1484 685 1509 me
706 1473 927 1524 putatote;
961 1468 1214 1523 legationem
1244 1469 1474 1510 confecero.
1536 1469 1686 1510 Omnia

92 1536 145 1576 ad
166 1541 357 1577 senatum
386 1549 479 1576 mea
508 1534 718 1575 sententia
748 1533 947 1588 rejiciam,
980 1548 1264 1588 quaecumque
1290 1533 1521 1588 postulabit
1549 1534 1685 1574 Anto-

92 1600 199 1641 nius.
262 1600 407 1655 Neque
428 1600 538 1640 enim
558 1599 659 1640 licet
686 1599 818 1647 aliter,
850 1613 984 1653 neque
1008 1599 1259 1653 permissum
1285 1603 1352 1639 est
1382 1598 1503 1638 nobis
1532 1599 1585 1638 ab
1606 1599 1686 1639 hoc

93 1665 248 1714 ordine,
272 1670 320 1706 ut
340 1665 459 1705 bellis
482 1663 684 1705 confectis
709 1664 854 1704 decern
881 1662 1032 1717 legatis
1058 1662 1246 1717 permitti
1273 1662 1381 1703 solet
1411 1677 1541 1702 morer
1557 1663 1685 1716 majo-

92 1745 196 1779 rum,
219 1744 353 1784 neque
374 1729 455 1769 ulla
476 1728 642 1769 omnino
662 1742 688 1768 a
708 1736 858 1768 senatu
887 1727 1087 1767 mandata
1110 1727 1358 1780 accepimus.
1421 1727 1537 1778 Quae
1558 1741 1686 1781 quum

93 1809 217 1849 agam
256 1794 298 1833 in
338 1793 522 1842 consilio,
572 1791 790 1840 nonnullis,
832 1796 881 1831 ut
919 1790 1110 1839 arbitror,
1161 1790 1506 1845 repugnantibus,
1547 1805 1685 1831 nonne

93 1859 365 1898 metuendum
385 1863 452 1898 est
471 1872 523 1897 ne
553 1855 747 1910 imperita
775 1854 952 1895 militum
980 1854 1206 1895 multitudo
1237 1869 1311 1909 per
1340 1869 1406 1895 me
1435 1869 1583 1909 pacem
1604 1854 1684 1895 dis-

93 1922 218 1964 tineri
240 1922 386 1976 putet?
448 1920 596 1961 Facite
627 1920 705 1960 hoc
736 1933 872 1959 meum
903 1918 1123 1959 consilium
1153 1918 1336 1972 legiones
1358 1933 1486 1959 novas
1507 1933 1591 1960 non
1612 1919 1685 1959 im-

143 2020 210 2054 Quo
226 2018 367 2058 quidem]
410 2021 417 2035 ‘
430 2018 477 2047 To
493 2017 594 2046 which
613 2014 726 2055 place‚'
741 2015 803 2045 and
825 2015 865 2045 he

95 2062 172 2092 adds
190 2065 197 2078 ‘
211 2062 250 2091 ad
266 2061 455 2100 colloquium
471 2061 478 2074 ⁷
494 2063 527 2089 to
543 2059 667 2098 explain
683 2059 718 2088 it.
767 2058 864 2087 Halm

95 2105 198 2133 writes
216 2107 223 2120 ‘
236 2104 307 2136 Quo
324 2103 450 2143 quidem
467 2101 628 2141 tempore,’
646 2101 747 2130 which
761 2101 789 2130 is
806 2101 864 2130 Er-

95 2146 206 2176 nesti’s
221 2155 429 2185 unnecessary
444 2145 621 2174 alteration.

909 2025 942 2045 as
957 2019 991 2045 to
1006 2015 1060 2045 the
1077 2015 1231 2054 Suffragia
1251 2015 1287 2045 of
1307 2015 1362 2045 the
1385 2015 1551 2045 Libertini.
1599 2015 1687 2046 Sulla

910 2058 1027 2087 wished
1047 2058 1135 2087 them
1159 2061 1193 2088 to
1210 2061 1282 2088 vote
1304 2058 1338 2087 in
1360 2058 1416 2087 the
1439 2058 1510 2087 four
1527 2061 1534 2074 ‘
1548 2058 1687 2088 urbanae

909 2101 1011 2130 tribus
1026 2100 1032 2112 ’
1050 2110 1083 2130 as
1096 2100 1214 2130 before.
1259 2100 1327 2130 The
1343 2101 1500 2139 partizans
1514 2100 1549 2130 of
1562 2101 1684 2131 Marius

910 2143 1027 2172 wished
1043 2146 1076 2172 to
1092 2143 1259 2173 distribute
1275 2143 1362 2172 them
1375 2153 1491 2182 among
1505 2143 1560 2173 the
1571 2143 1684 2183 thirty-

911 2186 972 2215 five
988 2185 1114 2216 Tribus.

139 2189 315 2228 civitatem]
356 2188 424 2217 The
436 2188 517 2217 Socii
530 2186 661 2217 claimed
673 2186 728 2216 the
742 2186 866 2215 Roman

96 2231 225 2267 Civitas,
237 2231 338 2261 which
349 2241 411 2260 was
428 2230 559 2269 granted
574 2229 654 2258 after
669 2238 687 2257 a
698 2228 776 2258 hard
793 2238 867 2258 con-

95 2277 168 2303 test.
215 2274 274 2304 See
300 2274 367 2303 Lex
396 2273 482 2303 Julia
505 2273 544 2302 de
569 2272 714 2308 Civitate,
739 2271 811 2301 Vol.
835 2270 867 2300 ii.

96 2316 207 2346 Index.

142 2359 235 2388 Sulla
249 2367 319 2387 cum
334 2357 498 2397 Scipione]
533 2357 570 2386 L.
585 2356 749 2386 Cornelius
764 2354 866 2394 Scipio

96 2410 159 2429 was
180 2400 288 2429 consul
306 2400 337 2429 in
359 2409 423 2429 B.c.
440 2401 490 2435 83,
507 2400 540 2428 in
563 2399 618 2428 the
642 2397 814 2437 beginning
835 2397 871 2426 of

96 2442 198 2471 which
214 2452 287 2481 year
304 2442 389 2471 Sulla
404 2442 552 2471 returned
568 2444 601 2471 to
617 2441 700 2480 Italy
715 2441 795 2470 from
812 2440 867 2469 the

96 2488 173 2514 east.
222 2484 272 2513 He
301 2484 363 2513 had
393 2494 411 2513 a
436 2484 619 2513 conference
643 2484 718 2512 with
749 2482 865 2521 Scipio,

96 2526 202 2556 whose
224 2529 331 2564 troops
355 2526 502 2564 betrayed
527 2526 591 2555 him
611 2526 673 2555 and
688 2529 772 2555 went
795 2534 868 2554 over

96 2572 130 2598 to
162 2569 259 2598 Sulla.
305 2568 514 2606 Accordingly
542 2568 650 2598 Cicero
681 2578 752 2607 says
783 2569 868 2596 ‘non

97 2611 200 2641 tenuit
212 2610 340 2640 omnino
351 2610 539 2648 colloquium
550 2611 625 2639 illud
636 2609 753 2639 fidem.y
782 2609 869 2638 Sulla

96 2653 216 2683 invited
241 2652 343 2691 Scipio
367 2655 401 2681 to
426 2661 513 2681 come
539 2655 572 2681 to
598 2655 705 2688 terms,
730 2652 789 2681 but
815 2651 868 2681 the

97 2696 237 2734 cunning
267 2695 329 2729 fox,
357 2704 391 2723 as
421 2694 568 2723 Plutarch
595 2694 668 2723 calls
693 2695 769 2729 him,
797 2697 868 2723 out-

97 2738 205 2767 witted
225 2737 280 2767 the
305 2736 424 2771 consul,
442 2736 511 2764 who
527 2746 588 2765 was
609 2737 704 2765 taken
727 2737 869 2775 prisoner

97 2781 130 2810 in
155 2780 204 2810 his
230 2782 310 2815 tent,
335 2778 394 2808 but
420 2782 467 2807 set
494 2781 526 2806 at
555 2778 668 2817 liberty
694 2778 867 2816 (Plutarch,

99 2823 195 2859 Sulla,
227 2833 253 2852 c.
282 2823 344 2856 28;
380 2820 516 2859 Appiam
548 2820 585 2849 Β.
612 2819 648 2849 C.
674 2820 694 2848 i.
723 2821 867 2856 80—863

98 2865 188 2904 Livy,
213 2865 273 2904 Ep.
291 2863 357 2903 85).
405 2863 491 2892 Sulla
510 2862 571 2891 had
594 2861 648 2891 the
672 2861 804 2891 Nobiles
827 2872 868 2891 on

97 2907 146 2937 his
162 2907 237 2937 side.
282 2906 386 2936 There
402 2915 463 2935 was
486 2914 504 2934 a
525 2904 689 2934 difference
712 2904 746 2933 of
765 2904 868 2943 policy

958 2229 1007 2258 12.
1032 2238 1107 2267 erqo
1138 2229 1256 2258 erimus
1287 2228 1320 2257 in
1353 2227 1484 2266 castris]
1523 2227 1623 2257 ‘each
1652 2227 1688 2257 of

911 2280 948 2300 us
975 2270 1038 2300 will
1064 2271 1103 2300 be
1126 2271 1159 2299 in
1186 2279 1244 2299 our
1273 2268 1441 2308 camp.'—‘
1455 2279 1525 2299 mea
1546 2270 1586 2299 ad
1615 2280 1684 2300 om-

912 2312 994 2342 niaz’
1031 2312 1201 2352 ‘meaque’
1234 2312 1276 2342 D.
1334 2312 1430 2341 Halm
1460 2312 1563 2342 writes
1595 2314 1686 2342 ‘mea

911 2354 1064 2394 quidem.’
1716 2360 1719 2361 ⁷

954 2397 1135 2436 confecero]
1162 2397 1194 2432 b,
1224 2399 1231 2413 ‘
1245 2396 1371 2426 confero
1385 2395 1393 2409 '
1420 2406 1439 2426 a
1458 2406 1479 2435 g
1498 2399 1513 2425 t
1535 2396 1556 2433 i,
1582 2396 1686 2426 which

910 2439 1075 2469 Manutius
1091 2440 1166 2469 tries
1190 2442 1223 2468 to
1247 2439 1383 2478 explain,
1400 2438 1458 2468 but
1481 2438 1507 2468 it
1530 2439 1556 2468 is
1577 2438 1685 2478 barely

910 2482 1047 2521 possible
1059 2493 1067 2518 3
1082 2482 1144 2511 and
1156 2481 1211 2510 the
1223 2481 1353 2520 reading
1363 2484 1370 2497 ‘
1383 2480 1561 2511 confecero'
1574 2481 1683 2510 makes

911 2525 936 2554 it
952 2525 1047 2563 plain.

956 2567 1062 2596 decem
1079 2566 1207 2605 leyatz's]
1255 2565 1323 2595 Ten
1339 2575 1400 2594 was
1416 2565 1470 2594 the
1486 2565 1576 2594 usual
1590 2575 1684 2594 num-

912 2609 968 2638 ber
983 2609 1018 2638 of
1031 2608 1283 2638 commissionem
1305 2608 1418 2637 named
1443 2608 1484 2646 by
1499 2607 1554 2636 the
1577 2611 1685 2637 senate

912 2655 945 2680 to
961 2651 1053 2680 settle
1069 2651 1124 2680 the
1139 2650 1242 2679 affairs
1258 2649 1292 2679 of
1305 2660 1322 2679 a
1338 2649 1516 2689 eonquered
1540 2654 1683 2689 country.

914 2693 971 2723 See
989 2693 1038 2722 De
1055 2693 1144 2722 Prov.
1162 2692 1258 2722 Cons.
1282 2701 1308 2721 c.
1329 2693 1378 2727 ll,
1394 2692 1456 2721 and
1478 2691 1533 2722 the
1555 2695 1686 2721 note.—

914 2739 922 2752 ‘
936 2735 1083 2765 mandata
1093 2735 1270 2773 accepimus
1285 2734 1304 2763 :³
1322 2734 1363 2763 he
1376 2743 1492 2769 meam,
1507 2733 1522 2762 I
1536 2743 1683 2772 suppose,

913 2778 982 2807 that
1005 2778 1078 2816 they
1096 2777 1158 2806 had
1178 2786 1220 2806 no
1244 2776 1403 2815 authority
1423 2780 1456 2805 to
1477 2776 1584 2805 decide
1607 2785 1685 2814 any-

912 2820 1022 2858 thing;
1045 2820 1120 2858 they
1145 2821 1230 2848 must
1253 2821 1360 2857 report
1386 2823 1419 2847 to
1445 2818 1499 2847 the
1523 2821 1685 2847 senate.—

914 2866 921 2879 ‘
935 2862 967 2891 in
991 2862 1120 2891 consilio
1134 2861 1154 2891 ε’
1179 2861 1211 2890 in
1235 2861 1291 2890 the
1314 2860 1518 2890 deliberation
1536 2860 1612 2889 with
1634 2859 1684 2889 his

912 2904 1270 2934 fellow-commissioner
1284 2913 1320 2933 or
1334 2902 1593 2932 commissioners.
