1816 3211
111 155 192 197 600
253 156 430 199 ORAT.
464 157 978 199 PHILIPPIOARUM
1015 156 1202 198 LIBER
1235 157 1565 201 SEPTIMUS.

170 269 304 312 VIII.
338 271 439 312 Dixi
465 272 515 312 de
545 271 757 326 periculo:
793 272 952 312 docebo
985 285 1036 311 ne
1066 271 1351 325 coagmentari
1384 272 1548 327 quidem
1578 287 1702 329 posse

109 350 280 390 pacem3
316 337 367 377 dc
395 337 530 377 tribus
561 338 669 377 enim
702 352 807 391 quae
839 336 1036 391 proposui
1066 336 1144 376 hoc
1180 341 1415 376 extremum
1446 343 1522 378 est.
1585 340 1701 390 Quae

110 407 253 455 potest
284 416 364 457 pax
394 416 485 441 esse
519 402 581 441 M.
607 402 796 441 Antonio
827 401 1004 455 primum
1038 415 1131 441 cum
1162 404 1343 444 senatu?
1403 403 1493 454 Quo
1524 418 1594 444 ore
1627 419 1700 444 vos

110 465 177 506 ille
199 466 368 520 poterit,
395 466 543 520 quibus
564 466 746 506 vicissim
767 480 840 506 vos
861 466 974 506 illum
995 466 1125 507 oculis
1152 466 1332 507 intueri?
1393 467 1495 519 Quis
1515 474 1700 509 vestrum

109 530 235 577 illum,
258 545 379 585 quem
410 531 476 570 ille
506 536 692 571 vestrum
719 546 803 571 non
831 531 995 571 oderit?
1057 531 1163 586 Age,
1187 546 1260 572 vos
1292 532 1357 572 ille
1390 532 1523 572 solum
1553 539 1596 574 et
1626 548 1701 574 vos

107 595 247 635 illum?
309 595 431 646 Quid,
455 595 481 634 ii
503 595 572 649 qui
596 596 808 636 Mutinam
830 596 1149 646 circumsedent,
1173 596 1243 651 qui
1273 596 1315 636 in
1347 597 1483 637 Gallia
1514 598 1701 640 delectus

111 659 280 709 habent,
320 659 389 714 qui
429 659 470 699 in
505 665 668 701 vestras
702 661 893 702 fortunas
927 661 1156 711 imminent,
1191 661 1315 701 amici
1350 676 1548 716 umquam
1582 663 1701 704 vobis

112 730 236 766 erunt
268 730 343 765 aut
377 739 451 765 vos
478 725 587 766 illis?
647 726 718 766 An
757 725 918 781 equites
950 725 1162 767 Romanos
1191 726 1496 781 amplectetur?
1536 728 1702 774 occulta

114 790 223 830 enim
244 790 322 831 fuit
344 805 487 831 eorum
499 791 692 831 voluntas
708 791 993 845 judiciumque
1009 791 1060 831 de
1080 790 1143 831 M.
1161 791 1364 832 Antonio.
1410 791 1490 843 Qui
1511 792 1701 847 frequen-

110 854 263 896 tissimi
298 855 340 895 in
375 855 575 911 gradibus
612 855 869 897 Concordiae
901 861 1124 907 steterunt,
1164 857 1233 911 qui
1266 872 1341 898 nos
1373 858 1427 897 ad
1462 857 1701 899 libertatem

109 921 437 975 recuperandam
466 921 766 971 excitaverunt,
801 937 928 972 arma,
963 936 1077 977 saga,
1107 922 1260 962 bellum
1294 922 1602 977 flagitaverunt,
1634 937 1701 963 me

109 1000 194 1025 una
220 1000 314 1025 cum
346 987 499 1041 populo
534 986 724 1027 Romano
753 987 795 1027 in
829 987 1066 1027 contionem
1101 992 1369 1037 vocaverunt,
1402 987 1444 1027 hi
1464 987 1701 1028 Antonium

109 1050 293 1106 diligent,
332 1066 425 1091 cum
458 1051 522 1091 his
557 1066 704 1106 pacem
739 1052 920 1093 servabit
953 1052 1196 1092 Antonius?
1256 1052 1365 1093 Nam
1401 1052 1501 1106 quid
1533 1067 1611 1107 ego
1648 1053 1700 1093 de

111 1116 303 1156 universo
324 1116 475 1171 populo
498 1115 688 1156 Romano
710 1116 876 1157 dicam?
907 1116 976 1171 qui
1007 1117 1128 1171 pleno
1153 1131 1203 1157 ac
1236 1117 1390 1158 referto
1422 1117 1512 1157 foro
1543 1117 1607 1157 bis
1633 1131 1700 1157 me

105 1195 188 1221 una
209 1185 349 1221 mente
371 1186 497 1235 atque
518 1195 619 1221 voce
641 1181 681 1220 in
703 1181 941 1222 contionem
961 1181 1125 1222 vocavit
1146 1181 1455 1236 declaravitque
1476 1182 1701 1222 maximam

109 1245 316 1286 libertatis
338 1246 647 1299 recuperandae
669 1246 955 1301 cupiditatem.
1019 1245 1088 1287 Ita
1110 1246 1221 1301 quod
1242 1251 1333 1287 erat
1353 1246 1536 1302 optabile
1557 1252 1697 1296 antea,

109 1315 157 1351 ut
178 1310 375 1366 populum
408 1310 643 1351 Romanum
665 1311 860 1352 comitem
890 1311 1150 1361 haberemus,
1174 1326 1283 1352 nunc
1314 1311 1515 1352 habemus
1537 1311 1698 1352 ducem.

110 1376 225 1427 Quae
247 1380 313 1416 est
337 1375 464 1430 igitur
485 1390 592 1429 spes,
617 1375 686 1430 qui
721 1376 930 1416 Mutinam
953 1376 1267 1425 circumsedent,
1300 1377 1596 1431 imperatorem
1626 1391 1698 1431 po-

105 1441 191 1496 puli
209 1440 388 1481 Romani
402 1440 715 1495 exercitumque
732 1446 987 1496 oppugnant,
1003 1440 1053 1482 iis
1068 1455 1213 1496 pacem
1230 1456 1322 1482 cum
1339 1441 1492 1496 populo
1507 1442 1698 1483 Romano

108 1521 198 1547 esse
218 1520 341 1561 posse
358 1506 371 1545 ἓ
431 1506 503 1545 An
524 1520 619 1546 culn
639 1506 873 1560 municipiis
893 1521 976 1560 pax
997 1506 1090 1555 erit,
1108 1521 1282 1561 quorum
1302 1511 1424 1547 tanta
1445 1507 1584 1547 studia
1601 1522 1697 1561 cog-

109 1576 342 1612 noscuntur
362 1570 403 1610 in
421 1571 600 1611 decretis
620 1571 831 1621 faciendis,
850 1571 1052 1613 militibus
1073 1571 1234 1620 dandis,
1252 1571 1437 1626 pecuniis
1457 1572 1697 1626 pollicendis

109 1641 157 1677 ut
179 1636 219 1676 in
242 1635 416 1690 singulis
437 1636 597 1690 oppidis
619 1636 775 1676 curiam
796 1637 937 1692 populi
960 1636 1139 1677 Romani
1159 1651 1241 1677 non
1258 1636 1526 1677 desideretis?
1588 1637 1695 1676 Lau-

107 1701 232 1742 dandi
253 1706 351 1742 sunt
371 1715 423 1741 ex
446 1700 571 1754 hujus
594 1700 749 1741 ordinis
780 1702 990 1742 sententia
1023 1701 1220 1750 Firmani,
1245 1701 1313 1755 qui
1343 1700 1552 1755 principes
1572 1716 1696 1755 pecu-

106 1766 200 1806 niae
221 1765 477 1819 pollicendae
498 1765 689 1805 fuerunt:
723 1767 1059 1820 respondendum
1080 1766 1308 1806 honorifice
1329 1771 1395 1806 est
1427 1766 1694 1815 Marrucinis,

107 1830 176 1885 qui
197 1829 423 1885 ignominia
442 1829 651 1869 notandos
673 1836 926 1872 censuerunt
947 1845 1029 1881 eos,
1053 1831 1088 1871 si
1110 1830 1180 1885 qui
1206 1830 1397 1871 militiam
1418 1831 1695 1886 subterfugis-

110 1900 218 1936 sent.
282 1894 404 1934 Haec
429 1894 518 1947 jam
537 1898 630 1934 tota
653 1893 775 1935 Italia
795 1895 911 1936 fient.
974 1895 1134 1950 Magna
1168 1909 1249 1949 pax
1281 1895 1470 1935 Antonio
1503 1910 1597 1935 cum
1629 1896 1693 1945 iis,

104 1960 169 2000 his
190 1960 291 2000 item
317 1974 410 1999 cum
432 1958 512 1999 illo.
575 1958 692 2010 Quae
719 1965 863 2013 potest
893 1960 1024 2013 major
1044 1974 1136 2000 esse
1159 1959 1392 2000 discordia?
1422 1960 1463 2000 in
1485 1960 1694 2002 discordia

103 2030 246 2066 autem
274 2039 357 2079 pax
380 2023 510 2064 civilis
532 2037 622 2064 esse
650 2024 760 2064 nullo
787 2029 911 2079 pacto
943 2028 1098 2079 potest.
1161 2024 1226 2065 Ut
1251 2025 1444 2065 omittam
1463 2025 1694 2066 multitudi-

101 2105 209 2140 nem,
250 2089 299 2129 L.
327 2088 492 2129 Visidio
528 2089 658 2143 equiti
694 2089 897 2140 Romano,
935 2089 1091 2130 homini
1126 2088 1168 2129 in
1208 2089 1353 2143 primis
1385 2095 1532 2130 ornato
1567 2096 1694 2145 atque

107 2156 298 2202 honesto,
322 2153 480 2207 civique
508 2168 671 2208 semper
697 2154 877 2209 egregio,
913 2155 1032 2208 cujus
1064 2168 1140 2209 ego
1173 2154 1370 2195 excubias
1405 2159 1448 2196 et
1480 2156 1694 2196 custodias

103 2220 185 2262 mei
207 2219 356 2274 capitis
379 2218 554 2273 cognovi
585 2219 625 2258 in
649 2219 869 2260 consulatu
898 2234 1006 2269 meo,
1029 2219 1098 2274 qui
1118 2218 1275 2260 vicinos
1305 2233 1403 2260 suos
1432 2234 1516 2260 non
1547 2221 1694 2261 cohor-

101 2290 219 2327 tatus
241 2289 306 2325 est
327 2284 459 2324 solum
481 2288 528 2324 ut
547 2284 700 2324 milites
721 2284 881 2335 fierent,
905 2284 980 2325 sed
1001 2284 1128 2325 etiam
1158 2284 1428 2325 facultatibus
1453 2284 1538 2325 suis
1558 2285 1693 2326 suble-

105 2350 230 2398 vavit,
253 2348 360 2397 huic,
385 2347 565 2402 inquam,
589 2349 664 2390 tali
691 2349 790 2399 viro,
814 2364 936 2404 quem
966 2363 1043 2389 nos
1073 2348 1436 2389 senatusconsulto
1459 2349 1693 2392 collaudare

109 2415 322 2462 debemus,
343 2413 553 2468 poteritne
575 2428 663 2454 esse
690 2419 867 2469 pacatus
890 2414 1132 2455 Antonius?
1194 2412 1314 2465 Quid,
1348 2413 1395 2454 G.
1418 2413 1598 2466 Caesari,
1621 2416 1692 2471 qui

155 2555 184 2584 3.
210 2553 442 2592 coaymentari]
463 2557 470 2570 ¹
485 2555 693 2584 coamentari’
717 2555 757 2584 V.
807 2554 881 2585 Mu·
969 2554 1132 2594 Firmani]
1180 2553 1330 2590 Firmum,
1355 2564 1426 2584 now
1450 2554 1574 2589 Fermo,
1590 2553 1623 2582 in
1639 2552 1689 2582 Pi-

110 2599 197 2626 retus
233 2596 371 2634 thought
406 2596 476 2625 that
508 2597 740 2627 ‘coamentari’
773 2598 798 2628 is
829 2598 883 2627 the
927 2607 1050 2635 cenum,
1073 2597 1135 2626 and
1161 2607 1180 2626 a
1206 2597 1331 2626 Roman
1360 2596 1692 2627 Colonia.—‘Marru-

109 2639 244 2678 genuine
273 2639 370 2672 word,
401 2641 503 2668 “cum
530 2643 655 2670 amenta
680 2641 823 2670 dicantur
846 2650 883 2670 ea
927 2639 1034 2669 cinisz'
1068 2650 1087 2669 a
1112 2639 1224 2679 people
1254 2640 1289 2669 of
1315 2640 1431 2669 central
1462 2639 1554 2678 Italy,
1585 2638 1691 2668 whose

109 2682 223 2722 quibus
239 2681 277 2711 ad
302 2681 461 2719 ligandum
484 2682 611 2718 utimur,
629 2686 660 2712 et
680 2686 879 2713 coamentare
923 2686 1055 2722 country
1070 2682 1224 2712 extended
1239 2682 1319 2712 from
1340 2682 1395 2712 the
1412 2682 1574 2711 Hadriatic
1587 2684 1621 2711 to
1635 2681 1692 2710 the

108 2725 188 2754 nihil
204 2725 244 2754 sit
259 2724 344 2753 aliud
360 2733 453 2763 quam
472 2725 647 2763 colligare.'’
923 2725 999 2764 high
1029 2725 1222 2764 Apennines.
1267 2725 1362 2755 Their
1399 2724 1484 2754 chief
1513 2728 1598 2754 town
1627 2733 1690 2753 was

152 2768 256 2807 quiin
277 2765 399 2805 Gallia]
448 2766 516 2796 The
538 2768 694 2805 partizans
718 2768 754 2798 of
776 2768 878 2799 Anto·
922 2768 1029 2804 Teate,
1045 2778 1116 2797 now
1131 2767 1245 2798 Chieti.

106 2810 188 2846 nius,
205 2810 254 2840 for
269 2809 324 2839 the
346 2809 415 2848 levy
431 2808 465 2838 of
487 2809 541 2838 the
561 2813 666 2840 senate
686 2821 748 2840 was
771 2811 873 2840 raised
961 2811 1146 2840 collaudare
1171 2809 1332 2850 debemus]
1363 2809 1570 2839 ‘conlaudare
1595 2809 1688 2838 deue-

106 2853 179 2892 only
194 2853 227 2882 in
255 2852 357 2886 Italia,
373 2851 475 2880 which
500 2854 580 2881 term
606 2852 659 2882 did
676 2856 734 2883 not
756 2856 809 2893 yet
824 2854 872 2883 in·
917 2863 988 2883 mus
1002 2853 1010 2867 ³
1027 2853 1067 2882 V.
1112 2853 1215 2882 There
1230 2853 1256 2882 is
1274 2863 1292 2882 a
1314 2852 1443 2892 reading
1468 2855 1475 2869 ‘
1487 2852 1687 2881 conlaudare-

105 2895 196 2925 clude
213 2895 315 2926 Gallia
330 2894 498 2934 Cisalpina.
916 2895 1189 2926 mus.'—‘1eniet
1224 2895 1401 2935 provinciae
1439 2893 1604 2926 Galliaez’
1647 2893 1689 2923 he
