1816 3211
713 202 848 247 OAP.
876 204 1002 246 6—8.
1581 206 1661 247 569

61 319 210 362 adesse
241 319 283 360 in
316 323 507 361 senatum
537 318 666 374 jussit
694 334 731 359 a.
754 319 794 359 d.
823 332 909 359 xin
943 318 1109 360 Kalend
1154 318 1306 359 Octob.
1371 316 1470 373 Ipse
1502 317 1665 360 interea

63 384 363 441 septemdecim
385 385 474 425 dies
502 385 552 425 de
573 398 639 425 me
670 383 712 424 in
743 383 966 425 Tiburtino
998 384 1206 439 Scipionis
1235 383 1519 424 declamitavit
1550 385 1665 425 sitim

63 465 293 506 quaerens;
328 450 430 490 haec
452 449 562 490 enim
583 449 619 489 ei
642 463 789 489 caussa
810 464 901 490 esse
923 449 1181 490 declamandi
1203 449 1325 490 solet.
1360 448 1498 500 Quum
1520 449 1555 490 is
1577 450 1666 490 dies

63 530 145 570 quo
166 530 232 555 me
246 516 392 556 adesse
401 516 589 569 jusserat
611 513 807 561 venisset.
824 518 915 554 tum
933 529 1031 555 vero
1045 514 1213 569 agmine
1235 515 1442 570 quadrato
1460 514 1501 554 in
1519 515 1666 556 aedem

65 580 323 621 Concordiae
345 580 472 629 venit,
497 585 624 634 atque
646 579 688 620 in
710 595 775 620 me
797 580 1015 621 absentem
1037 580 1268 620 orationem
1291 595 1362 621 ore
1384 581 1666 635 impurissimo

64 646 262 687 evomuit.
327 646 418 697 Quo
442 645 520 694 die,
545 645 579 685 si
608 660 681 699 per
709 645 868 685 amicos
895 645 996 685 mihi
1031 645 1215 700 cupienti
1236 645 1277 686 in
1310 651 1504 687 senatum
1526 647 1667 687 venire

62 710 262 760 licuisset.
286 709 425 750 caedis
446 709 611 750 initium
642 709 813 750 fecisset
833 724 858 750 a
880 725 975 757 111ος
1010 709 1070 750 sic
1102 710 1212 751 enim
1243 715 1465 752 statuerat.
1529 711 1668 763 Quum

64 780 206 817 autem
227 775 353 816 semel
374 775 559 830 gladium
581 774 737 815 scelere
766 774 997 823 imbuisset,
1023 775 1133 815 nulla
1154 791 1220 816 res
1251 775 1288 816 ei
1318 776 1442 817 finem
1465 777 1668 818 caedendi

64 841 144 882 nisi
178 840 425 896 defatigatio
462 845 506 881 et
542 839 719 880 satietas
757 840 985 882 attulisset.
1051 841 1222 882 Etenim
1255 841 1404 882 aderat
1443 842 1491 883 L.
1521 842 1665 892 frater,

65 906 275 962 gladiator
306 905 535 955 Asiaticus,
571 905 642 959 qui
671 905 862 946 mirmillo
896 905 1072 960 Mylasis
1099 907 1381 962 depugnarat3
1422 907 1668 961 sanguinem

65 977 254 1013 nostruin
277 971 458 1019 sitiebat.
482 985 603 1011 suum
626 970 666 1010 in
687 970 756 1011 illa
776 970 1027 1025 gladiatoria
1048 986 1189 1027 pugna
1208 972 1388 1013 multum
1409 972 1666 1027 profuderat.

67 1037 153 1079 Hic
174 1037 371 1093 pecunias
391 1041 554 1078 vestras
575 1036 854 1082 aestimabam
888 1037 1177 1092 possessiones
1205 1038 1383 1079 notabat
1413 1045 1457 1079 et
1487 1039 1669 1080 urbanas

65 1108 109 1144 et
130 1103 341 1149 rusticas;
376 1101 501 1156 hujus
528 1101 779 1143 mendicitas
800 1102 1002 1143 aviditate
1031 1102 1255 1156 conjuncta
1285 1103 1327 1143 in
1357 1103 1550 1145 fortunas
1572 1119 1669 1145 nos-

66 1174 157 1209 tras
188 1168 458 1213 innninebat3
494 1167 708 1208 dividebat
741 1183 868 1223 agros
900 1168 1051 1223 quibus
1083 1173 1126 1209 et
1161 1183 1266 1223 quos
1299 1168 1496 1218 volebat3
1531 1169 1670 1210 nullus

66 1234 207 1274 aditus
239 1237 330 1274 erat
361 1232 538 1288 privato,
562 1233 674 1273 nulla
706 1233 935 1288 aequitatis
962 1233 1218 1289 deprecatio.
1280 1234 1463 1275 Tantum
1495 1235 1670 1291 quisque

67 1299 253 1340 habebat
292 1313 510 1354 possessor
551 1303 756 1354 quantum
796 1299 1022 1354 reliquerat
1063 1298 1220 1340 divisor
1262 1300 1489 1341 Antonius.
1553 1302 1670 1354 Quae

66 1379 331 1420 quamquam,
357 1364 391 1405 si
422 1363 536 1419 leges
557 1364 698 1405 irritas
725 1364 923 1412 feceritis,
947 1369 1041 1405 rata
1074 1380 1166 1406 esse
1198 1380 1281 1406 non
1315 1372 1504 1421 possunt,
1527 1371 1670 1409 tamen

67 1429 291 1485 separatim
313 1444 389 1470 suo
418 1429 584 1470 nomine
612 1429 797 1471 notanda
827 1444 990 1479 censeo,
1021 1430 1379 1486 judicandumque
1408 1432 1544 1472 nullos
1577 1447 1672 1488 sep-

67 1495 266 1536 temvir-os
286 1495 427 1545 fuisse⁷
443 1495 545 1535 nihil
566 1495 728 1550 placere
745 1499 882 1535 ratum
905 1509 995 1535 esse
1017 1496 1127 1550 quod
1148 1497 1201 1536 al)
1224 1496 1273 1537 iis
1289 1501 1429 1538 actum
1447 1497 1668 1539 diceretur.

127 1560 264 1600 VIII.
314 1561 376 1601 M.
410 1575 508 1601 vero
546 1559 779 1601 Antonium
817 1560 909 1614 quis
946 1564 1011 1600 est
1047 1560 1116 1615 qui
1150 1561 1282 1602 civem
1315 1563 1448 1617 possit
1479 1563 1671 1617 judicare

66 1625 208 1680 potius
239 1640 364 1681 quam
395 1624 685 1666 taeterrimum
716 1631 760 1666 et
791 1625 1125 1666 crudelissimum
1157 1626 1337 1676 hostem,
1361 1628 1430 1683 qui
1461 1643 1535 1683 pro
1565 1630 1671 1670 aede

22 1716 34 1744 J
69 1691 258 1732 Castoris
297 1691 447 1731 sedens
486 1690 686 1731 audiente
726 1690 878 1745 populo
921 1690 1113 1731 Romano
1155 1692 1308 1734 dixerit
1348 1693 1426 1733 nisi
1468 1694 1671 1735 victorem

68 1756 275 1798 victurum
304 1755 543 1796 neminem?
605 1756 719 1796 Num
749 1755 923 1811 putatis7
948 1760 1093 1811 patres
1125 1757 1365 1812 conscripti,
1390 1759 1544 1800 dixisse
1577 1775 1672 1801 eum

68 1822 274 1864 minacius
315 1836 438 1877 quam
478 1821 691 1862 facturum
731 1821 887 1862 fuisse?
949 1821 1060 1874 Quid
1093 1837 1202 1873 vero,
1239 1824 1350 1877 quod
1394 1823 1434 1863 in
1477 1825 1671 1866 contione

70 1887 209 1928 dicere
240 1902 367 1928 ausus
400 1892 465 1928 est
496 1901 553 1937 se,
578 1902 706 1942 quum
739 1887 995 1941 magistratu
1026 1887 1198 1938 abisset,
1222 1889 1275 1928 ad
1307 1890 1451 1930 urbem
1485 1890 1672 1932 futurum

71 1967 166 1992 cum
188 1952 388 2002 exercitu,
407 1951 677 1993 introiturum
700 1951 1048 2007 quotiescumque
1070 1953 1207 2001 vellet⁷
1227 1954 1325 2008 quid
1348 1960 1439 1996 erat
1459 1955 1572 1996 aliud
1594 1956 1672 1997 nisi

71 2017 319 2058 denuntiare
354 2017 507 2072 populo
545 2017 738 2059 Romano
775 2017 1051 2060 servitutem?
1120 2020 1243 2071 Quod
1279 2025 1419 2061 autem
1462 2022 1553 2076 ejus
1593 2022 1673 2063 iter

72 2133 169 2172 spokc
185 2141 227 2162 on
238 2132 294 2162 1110
315 2133 361 2162 lst
379 2132 414 2161 of
428 2132 620 2171 August.—‘
631 2133 663 2162 in
679 2133 848 2163 Tiburtino

73 2176 228 2215 Scipionis
244 2175 263 2205 ε’
308 2185 360 2205 see
400 2175 479 2204 Phil.
519 2176 550 2205 ii.
585 2185 612 2205 c.
648 2177 751 2211 17.—‘
764 2176 849 2205 silini

73 2229 226 2259 quaerens
239 2218 258 2248 :'
283 2229 323 2248 an
340 2218 475 2248 allusion
490 2221 524 2248 to
541 2217 711 2248 Antonius'
729 2219 849 2248 drunk-

894 2134 989 2163 taken
1014 2134 1116 2164 under
1136 2135 1190 2164 the
1213 2135 1343 2174 Agraria
1368 2135 1433 2165 Lex
1456 2136 1492 2165 of
1514 2136 1673 2166 Antonius

895 2187 930 2206 or
955 2176 1056 2206 under
1083 2177 1137 2207 the
1165 2182 1291 2216 pretext
1312 2178 1347 2207 of
1367 2179 1421 2207 the
1441 2178 1571 2208 Lex.—‘
1586 2179 1674 2209 nulla

894 2220 1062 2258 aequitatis
1084 2220 1262 2259 deprecatio
1276 2220 1295 2250 ε’
1329 2221 1369 2250 110
1391 2231 1498 2251 means
1519 2226 1579 2251 ‘no
1600 2232 1672 2261 pro-

73 2272 199 2292 enness.

117 2306 243 2344 trymine
259 2304 417 2344 quadrato
435 2327 441 2333 .
461 2327 467 2333 .
487 2327 494 2334 .
513 2305 546 2334 in
562 2303 738 2343 absentem]
768 2304 848 2335 Phil.

72 2349 105 2378 ii.
126 2348 246 2377 Introd.
264 2347 325 2377 and
348 2348 379 2378 ii.
404 2358 430 2377 c.
454 2349 506 2378 42.
553 2348 663 2377 Cicero
687 2358 757 2386 says
781 2348 850 2376 that

74 2391 114 2421 110
130 2391 233 2420 would
257 2391 336 2420 have
363 2400 452 2420 come
472 2392 539 2420 into
563 2390 618 2419 the
641 2395 749 2419 senate
772 2400 800 2419 a.
818 2390 848 2420 d.

74 2444 142 2464 xiii
164 2434 235 2464 Kal.
253 2434 339 2469 Oct„
357 2434 383 2463 if
403 2434 450 2463 his
474 2433 591 2463 friends
617 2433 675 2462 had
701 2436 757 2462 not
781 2444 849 2472 prc-

74 2478 188 2508 vcnted
206 2477 281 2506 him.
330 2477 393 2506 But
410 2487 454 2507 we
477 2487 548 2516 may
565 2477 665 2506 doubt
686 2476 740 2506 the
761 2477 848 2506 truth

74 2522 109 2551 of
122 2521 184 2551 this
201 2520 364 2550 assertion.

117 2565 283 2593 Asiaticus
300 2585 307 2592 .
327 2585 334 2592 .
353 2585 359 2592 .
378 2562 530 2602 Mylasis]
580 2562 630 2592 He
647 2562 720 2591 calls
735 2562 850 2592 Lucius

74 2607 130 2637 the
168 2606 297 2636 brother
335 2606 503 2641 Asiaticus,
543 2605 675 2635 because
714 2606 752 2634 110
790 2605 849 2635 111111

75 2650 188 2689 fought
204 2660 237 2679 as
253 2659 271 2679 a
287 2649 440 2687 gladiator
456 2652 488 2678 at
513 2648 637 2687 Mylasa
658 2649 689 2677 in
707 2649 799 2678 Caria
819 2649 854 2678 of

75 2694 152 2724 Asia
170 2693 276 2722 Minor
294 2692 360 2732 (see
381 2692 458 2721 Phil.
477 2692 517 2721 vi.
535 2702 560 2720 c.
580 2694 626 2724 5).
671 2691 739 2721 The
750 2692 851 2721 words

76 2741 83 2754 ‘
93 2736 277 2774 sanguinein
287 2739 428 2765 nostruin
440 2734 587 2770 sitiebat‚’
599 2737 704 2764 ‘suurn
715 2735 850 2765 inultum

75 2778 281 2820 prol'ntlerat‚'
308 2789 378 2818 says
409 2778 572 2807 Manutius
597 2780 691 2816 ‘apte
722 2788 851 2817 respon-

76 2823 174 2853 dent.’
228 2821 474 2860 ‘Respondent'
507 2821 533 2850 is
564 2825 644 2850 true.
703 2821 733 2850 It
763 2822 788 2851 is
811 2832 851 2851 an

76 2865 252 2902 antithesis,
284 2865 346 2894 and
377 2865 404 2894 it'
433 2864 487 2894 the
525 2863 794 2903 eoi-respondeum
827 2865 852 2895 is

77 2909 243 2949 complete,
260 2908 285 2938 it
301 2909 327 2938 is
343 2908 375 2937 in
391 2907 452 2938 bad
468 2911 560 2938 taste.

114 2951 264 2992 privam]
312 2951 385 2992 Any
423 2961 496 2981 man
538 2950 644 2981 whose
681 2950 755 2981 land
792 2961 854 2982 was

893 2266 955 2291 test
971 2272 1010 2291 on
1033 2263 1173 2301 grounds
1189 2264 1224 2293 of
1244 2263 1376 2303 eqnity‚’
1393 2274 1437 2299 or,
1456 2275 1488 2293 as
1507 2264 1673 2295 Forcellini

895 2315 977 2344 says.
997 2309 1058 2334 ‘no
1082 2310 1204 2344 protest
1225 2311 1334 2345 strong
1359 2308 1483 2343 enough
1508 2313 1540 2337 to
1563 2308 1672 2338 obtain

894 2348 1026 2387 equity.’
1073 2349 1142 2378 'she
1163 2350 1252 2379 Latin
1277 2351 1413 2388 genitive
1437 2351 1461 2380 is
1486 2351 1572 2381 often
1592 2352 1672 2381 diffi-

895 2392 960 2420 cult
985 2396 1018 2421 to
1034 2392 1169 2431 explain.
1212 2396 1219 2409 ⁴
1235 2393 1423 2432 Deprecatio
1436 2393 1442 2405 ’
1462 2394 1487 2424 is
1513 2395 1673 2435 generally

895 2434 970 2464 used
992 2445 1025 2464 as
1042 2435 1065 2464 it
1083 2435 1108 2464 is
1125 2436 1156 2464 in
1183 2436 1238 2465 the
1265 2437 1446 2475 expression
1474 2437 1673 2477 ‘deprecatio

893 2477 1214 2516 periculi.'—-‘aditus
1229 2479 1248 2508 :'
1276 2480 1334 2509 Pro
1355 2480 1421 2519 Lig.
1439 2490 1465 2510 e..
1484 2484 1513 2510 6.

938 2521 1020 2559 loyes
1037 2522 1165 2561 irritas]
1207 2522 1275 2552 The
1295 2523 1392 2562 Leges
1409 2523 1445 2552 of
1458 2525 1673 2554 Antonius.—

896 2566 903 2580 ‘
917 2565 1122 2603 septeniviros
1135 2563 1154 2594 ι’
1182 2565 1412 2601 Introduction,
1431 2577 1460 2605 p.
1480 2569 1552 2597 45⁴.

939 2608 968 2637 8.
995 2609 1252 2648 quotiescumque
1268 2610 1376 2649 vellet]
1430 2610 1478 2639 lle
1502 2611 1593 2640 eould
1617 2614 1673 2640 not

896 2650 1008 2690 legally
1025 2651 1103 2680 have
1119 2651 1200 2681 done
1217 2652 1291 2688 this.
1309 2651 1365 2682 but
1383 2652 1422 2682 he
1439 2653 1622 2683 threatened
1640 2658 1672 2683 to

895 2693 935 2722 do
958 2693 993 2727 it.
1011 2704 1081 2733 says
1098 2694 1274 2724 Civem-J
1290 2696 1365 2735 qnid
1387 2700 1452 2725 erat
1475 2697 1559 2726 aliud
1582 2697 1639 2726 nisi
1653 2697 1672 2725 :'

896 2736 1015 2772 Cicero,
1024 2747 1057 2766 as
1070 2737 1234 2768 Manutius
1246 2738 1403 2774 observes,
1416 2739 1481 2768 also
1493 2750 1561 2778 says
1571 2743 1577 2755 ¹
1587 2739 1672 2771 Quid

896 2784 962 2810 erat
977 2780 1062 2810 aliud
1086 2781 1271 2811 denuntiare
1284 2781 1306 2811 ?'
1328 2792 1361 2811 as
1388 2783 1418 2811 in
1443 2782 1521 2811 Phil.
1539 2783 1569 2811 ii.
1588 2792 1613 2811 e.
1631 2784 1670 2811 4:

897 2826 915 2839 ‘⁴
931 2823 1015 2856 Quid
1037 2828 1083 2853 est
1105 2824 1189 2854 alind
1214 2825 1324 2854 tollere
1344 2835 1361 2855 0
1384 2825 1446 2854 vita
1470 2825 1551 2854 vitae
1575 2824 1671 2853 sorie-

896 2870 993 2896 tatem
1007 2866 1168 2897 ?'’—‘nisi
1192 2871 1226 2898 ut
1247 2868 1285 2898 ad
1301 2867 1320 2897 :’
1360 2878 1378 2898 a
1404 2867 1423 2897 b
1440 2878 1477 2907 g;
1512 2867 1589 2897 ‘nisi
1616 2867 1670 2896 ad’

897 2909 926 2938 V
944 2913 967 2940 t.
