1816 3211
134 158 216 200 494
278 156 456 199 ORAT.
491 156 1010 201 PHILIPPIOARUM
1048 158 1233 222 LIBER
1268 158 1609 203 SECUNDUS.

134 284 217 312 non
237 284 383 327 arguo.
444 271 657 327 Respondi
678 271 871 313 maximis
892 271 1132 312 criminibus
1151 289 1159 313 :
1194 286 1304 313 nunc
1326 272 1456 314 etiam
1476 274 1645 330 reliquis
1667 290 1730 316 re-

133 337 425 391 spondendum
447 341 526 377 est.

194 402 303 443 XV.
335 402 486 442 Castra
513 401 610 441 mihi
642 401 834 455 Pompeii
869 406 997 455 atque
1032 401 1132 441 illud
1164 415 1286 441 omne
1319 406 1487 456 tempus
1521 404 1728 457 objecisti.

136 468 228 519 Quo
262 467 426 521 quidem
458 472 646 520 tempore
683 466 731 514 si,
770 471 818 506 ut
854 466 952 514 dixi,
987 480 1127 506 meum
1161 466 1381 507 consilium
1416 469 1729 524 auctoritasque

133 531 343 581 valuisset,
369 536 415 571 tu
444 530 565 570 hodie
594 544 749 584 egeres,
773 545 850 570 nos
877 530 996 571 liberi
1028 545 1228 580 essemus,
1253 545 1319 571 res
1352 531 1518 586 publica
1550 547 1632 573 non
1664 539 1731 574 tot

133 596 260 636 duces
283 601 325 636 et
346 595 554 636 exercitus
574 594 795 636 amisisset.
859 594 1019 636 Fateor
1039 595 1149 635 enim
1169 610 1248 644 me,
1272 610 1397 650 quum
1420 611 1469 637 ea
1497 611 1602 651 quae
1623 598 1729 638 acci·

133 661 283 701 derunt
308 660 568 715 providerem
598 660 752 710 futura,
778 665 900 701 tanta
930 659 971 700 in
1002 660 1214 701 maestitia
1241 660 1380 710 fuisse,
1411 665 1568 716 quanta
1600 662 1729 702 ceteri

133 724 281 779 optimi
318 724 430 765 cives
465 724 500 765 si
540 724 650 764 idem
689 724 973 779 providissent
1007 725 1197 766 fuissent.
1259 724 1480 775 Dolebam,
1522 726 1725 776 dolebam,

131 795 277 845 patres
304 789 541 844 conscripti,
569 804 658 839 rem
687 789 898 844 publicam
924 790 1076 830 vestris
1109 790 1314 844 quondam
1341 789 1525 845 meisque
1563 805 1729 832 conser-

132 859 272 895 vatam
294 854 474 895 consiliis
495 854 608 894 brevi
630 860 819 908 tempore
840 868 932 895 esse
962 854 1204 909 perituram.
1267 855 1358 895 Nec
1380 869 1477 895 vero
1506 869 1620 895 eram
1640 860 1730 896 tam

131 919 325 959 indoctus
346 918 599 973 ignarusque
620 933 759 958 rerum
781 923 828 959 ut
849 918 1066 973 frangerer
1085 918 1224 959 animo
1245 923 1420 973 propter
1440 919 1550 960 vitae
1572 919 1729 974 cupidi-

130 988 278 1032 tatem,
301 997 408 1037 quae
429 998 495 1024 me
515 997 689 1023 manens
710 983 940 1024 conficeret
964 983 1204 1037 angoribus,
1229 982 1399 1023 dimissa
1419 983 1622 1024 molestiis
1643 999 1729 1024 om-

130 1049 254 1089 nibus
278 1048 486 1088 liberaret.
551 1047 651 1088 Illos
678 1061 756 1102 ego
785 1047 1175 1102 praestantissimos
1196 1047 1316 1096 viros,
1351 1047 1506 1088 lumina
1536 1047 1595 1088 rei
1625 1049 1728 1103 pub-

130 1114 245 1163 licae,
270 1113 405 1154 vivere
436 1112 637 1161 volebam,
665 1116 732 1153 tot
764 1112 1013 1154 consulares
1044 1117 1112 1153 tot
1144 1112 1388 1166 praetorios,
1423 1117 1490 1153 tot
1523 1112 1727 1153 honestis-

130 1179 258 1219 simos
280 1182 508 1225 senatores,
533 1191 697 1217 omnem
728 1182 946 1230 praeterea
970 1176 1115 1216 florem
1143 1176 1374 1216 nobilitatis
1401 1191 1449 1216 ac
1476 1176 1727 1230 juventutis,

129 1248 220 1284 tum
249 1242 501 1296 optimorum
531 1240 681 1281 civium
715 1240 938 1289 exercitus,
969 1239 1038 1294 qui
1069 1239 1104 1280 si
1134 1239 1334 1289 viverent,
1369 1240 1555 1294 quamvis
1587 1240 1728 1295 iniqua

130 1307 368 1348 conditione
396 1305 686 1361 pacis,—mihi
719 1305 828 1345 enim
861 1304 996 1345 omnis
1030 1319 1114 1359 pax
1150 1319 1244 1344 cum
1281 1304 1440 1345 civibus
1475 1305 1583 1345 bello
1619 1305 1727 1346 civili

129 1372 271 1413 utilior
291 1371 672 1419 videbatur,—rem
693 1369 902 1424 publicam
924 1369 1045 1410 hodie
1066 1374 1318 1410 teneremus.
1380 1369 1496 1420 Quae
1518 1369 1727 1410 sententia

128 1437 163 1477 si
185 1436 394 1485 valuisset,
417 1450 468 1476 ac
489 1450 572 1476 non
597 1434 625 1475 ii
654 1434 835 1475 maxime
866 1434 979 1484 mihi,
1004 1448 1182 1488 quorum
1212 1448 1290 1488 ego
1312 1433 1423 1475 vitae
1444 1433 1722 1484 consulebam,

129 1516 203 1557 spe
224 1501 424 1542 victoriae
445 1499 545 1541 elati
567 1499 847 1547 obstitissent,
869 1504 918 1539 ut
947 1498 1028 1539 alia
1057 1498 1262 1547 omittam,
1286 1503 1333 1539 tu
1365 1502 1479 1539 certe
1500 1512 1726 1552 numquam

128 1568 170 1608 in
192 1567 272 1607 hoc
295 1565 439 1606 ordine
460 1564 522 1605 vel
544 1563 685 1619 potius
707 1563 748 1603 in
770 1563 974 1604 hacurbe
995 1563 1234 1603 mansisses.
1296 1562 1360 1603 At
1380 1577 1476 1603 vero
1501 1562 1575 1603 On.
1600 1561 1724 1602 Pom-

128 1632 209 1687 peii
229 1631 491 1672 voluntatem
518 1644 544 1670 a
573 1644 640 1670 me
660 1628 927 1669 abalienabat
952 1628 1086 1668 oratio
1108 1642 1211 1668 mea.
1275 1628 1345 1668 An
1376 1627 1444 1667 ille
1476 1641 1724 1681 quemquam

127 1697 221 1753 plus
252 1695 409 1743 dilexit,
444 1708 538 1734 cum
567 1693 650 1733 ullo
675 1697 750 1733 aut
775 1707 986 1733 sermones
1013 1697 1087 1732 aut
1113 1691 1284 1732 consilia
1317 1691 1497 1732 contulit
1528 1691 1724 1745 saepius?

109 1761 237 1816 ·quod
263 1760 429 1814 quidem
457 1762 548 1798 erat
575 1771 786 1810 magnum,
810 1757 861 1797 de
890 1771 1052 1796 summa
1079 1770 1123 1796 re
1155 1755 1322 1810 publica
1354 1755 1651 1796 dissentientes
1681 1756 1723 1795 in

130 1826 274 1866 eadem
297 1821 597 1863 consuetudine
618 1820 829 1860 amicitiae
850 1834 1108 1874 permanere.
1171 1819 1266 1874 Ego
1288 1819 1388 1873 quid
1409 1819 1487 1869 ille,
1511 1825 1552 1860 et
1576 1824 1723 1860 contra

130 1889 197 1930 ille
231 1887 330 1942 quid
363 1901 440 1941 ego
473 1885 672 1926 sentirem
708 1891 752 1926 et
791 1889 1026 1939 spectarem
1067 1883 1249 1924 videbat.
1312 1883 1405 1937 Ego
1446 1883 1723 1924 incolumitati

131 1953 279 1994 civium
307 1953 498 2005 primum,
521 1955 569 1990 ut
597 1953 745 2003 postea
774 1948 970 2003 dignitati
998 1962 1228 2003 possemuS,
1252 1948 1319 1988 ille
1350 1947 1559 2002 praesenti
1590 1947 1722 2002 digni—

128 2017 209 2059 tati
237 2015 379 2071 potius
400 2014 658 2055 consulebat.
721 2012 842 2064 Quod
863 2019 1004 2053 autern
1033 2013 1215 2052 habebat
1243 2016 1418 2066 uterque
1450 2012 1547 2066 quid
1577 2026 1722 2066 seque-

128 2088 258 2130 retur,
281 2081 436 2121 idcirco
459 2078 715 2120 tolerabilior
737 2082 828 2119 erat
848 2083 993 2119 nostra
1017 2077 1231 2118 dissensio,
1294 2077 1404 2129 Quid
1426 2091 1522 2117 vero
1553 2076 1619 2116 ille
1640 2077 1722 2116 sin-

129 2147 285 2204 gularis
305 2146 368 2186 vir
387 2160 437 2185 ac
459 2157 589 2198 paene
607 2143 767 2183 divinus
789 2143 840 2183 de
861 2157 927 2183 me
949 2142 1139 2191 senserit,
1159 2142 1296 2182 sciunt
1317 2141 1385 2196 qui
1407 2156 1498 2181 eum
1516 2141 1567 2181 de
1590 2140 1722 2181 Phar-

130 2213 233 2254 salia
252 2212 352 2264 fuga
374 2209 565 2262 Paphum
588 2208 795 2262 persecuti
817 2212 927 2248 sunt.
991 2207 1230 2261 Numquam
1249 2207 1302 2246 ab
1334 2221 1382 2246 eo
1403 2205 1560 2246 mentio
1582 2206 1633 2246 de
1654 2221 1719 2247 me

129 2277 208 2318 nisi
229 2274 467 2320 honorifica,
490 2271 568 2312 nisi
590 2272 711 2325 plena
731 2272 971 2312 amicissimi
995 2270 1198 2319 desiderii,
1223 2284 1348 2324 quum
1370 2285 1436 2311 me
1456 2270 1607 2310 vidisse
1628 2270 1720 2324 plus

129 2343 346 2388 fateretur,
370 2352 414 2378 se
436 2335 663 2391 speravisse
684 2336 868 2377 meliora.
930 2336 990 2377 Et
1017 2336 1107 2390 ejus
1128 2335 1202 2375 viri
1232 2335 1399 2375 nomine
1429 2349 1495 2375 me
1523 2334 1720 2376 insectari

177 2455 226 2483 15.
255 2453 368 2482 Castra
397 2450 493 2488 mihi]
552 2449 657 2479 Wien
687 2449 727 2478 he
756 2452 839 2479 went
868 2452 902 2479 to

127 2497 195 2535 join
213 2495 380 2533 Pompeius
396 2494 427 2522 in
444 2493 568 2531 Epirus.

174 2539 220 2568 A!
236 2537 327 2575 vero]
376 2535 521 2565 Another
541 2534 652 2572 charge
673 2534 708 2564 of
731 2533 899 2570 Antonius,

130 2581 282 2619 touching
319 2579 378 2609 Cn.
417 2576 595 2616 Pompeius’
642 2577 826 2616 disposition
869 2581 902 2606 to

133 2623 252 2654 Cicero.

176 2665 328 2703 diym'talz'
353 2661 532 2701 possemus]
581 2661 622 2690 D.
648 2661 742 2690 omits
772 2664 901 2700 ‘posse-

132 2707 280 2738 mus.'—‘
294 2705 451 2736 Pharsalia
465 2703 484 2732 :’
510 2704 549 2738 V,
563 2703 594 2732 b.
632 2703 700 2732 The
718 2703 812 2733 MSS.
824 2704 902 2733 have

132 2751 211 2781 both
226 2749 323 2778 forms
343 2747 378 2777 of
397 2747 452 2776 the
475 2745 634 2784 adjective,
662 2747 671 2761 ⁶
686 2746 880 2775 Pharsalicus
893 2746 900 2760 ’

132 2793 194 2823 and
212 2796 219 2809 ¹
232 2789 432 2822 Pharsalius.'
478 2788 645 2826 Pompeius
666 2788 762 2817 called
786 2791 818 2817 at
839 2788 902 2817 Mi-

132 2836 238 2875 tylene
264 2835 295 2863 in
322 2832 441 2863 Lesbos
467 2840 507 2860 on
531 2831 579 2859 his
595 2840 661 2868 way
684 2833 716 2859 to
740 2830 846 2869 Egypt
869 2834 920 2860 to·

133 2879 206 2908 take
221 2878 253 2907 in
270 2876 319 2906 his
334 2875 404 2905 wife
427 2873 582 2908 Cornelia,
602 2873 672 2902 who
695 2882 756 2902 was
777 2873 810 2902 in
832 2873 902 2903 that

946 2448 1058 2485 island,
1080 2447 1141 2477 and
1165 2447 1205 2477 he
1226 2447 1291 2477 also
1316 2447 1414 2477 called
1435 2450 1467 2476 at
1490 2446 1612 2485 Cyprus
1629 2444 1718 2485 (Plu-

945 2491 1045 2527 tarch,
1064 2490 1242 2529 Pompeius,
1260 2499 1286 2519 c.
1305 2490 1373 2528 77),
1390 2489 1451 2519 and
1467 2492 1500 2518 at
1516 2490 1571 2519 the
1586 2492 1670 2518 town
1686 2487 1722 2516 of

947 2533 1081 2572 Paphos,
1103 2543 1137 2562 as
1159 2532 1269 2562 Cicero
1294 2542 1363 2571 says
1389 2532 1473 2567 here,
1497 2531 1558 2561 and
1575 2530 1718 2560 Valerius

948 2576 1107 2605 Maximus
1142 2575 1176 2609 (i.
1211 2577 1241 2610 5,
1289 2576 1337 2612 6).
1388 2575 1457 2604 The
1495 2578 1555 2603 two
1592 2572 1718 2603 Lentuli

947 2619 1008 2648 and
1026 2618 1181 2647 Favonius
1197 2616 1419 2655 accompanied
1436 2616 1604 2655 Pompeius
1620 2616 1652 2644 in
1667 2615 1716 2643 his

947 2661 1039 2699 flight
1054 2660 1135 2689 from
1152 2659 1206 2689 the
1226 2659 1324 2688 battle
1350 2659 1384 2688 of
1405 2659 1572 2697 Pharsalus
1590 2657 1714 2697 (Pomp.

947 2713 973 2733 c·
989 2703 1104 2775 Ξῗιέἑςεε
1114 2744 1207 2783 plus]
1240 2743 1383 2773 Foresaw
1397 2743 1500 2772 better
1515 2741 1598 2771 what
1613 2740 1715 2770 would

945 2787 1142 2859 bazaz-‘tari
1166 2850 1174 2858 .
1193 2850 1201 2858 .
1219 2851 1226 2858 .
1257 2827 1426 2866 sectorem]
1476 2826 1527 2855 He
1561 2824 1667 2854 makes
1697 2834 1715 2854 a

944 2872 1017 2912 play
1030 2882 1072 2902 on
1098 2871 1153 2901 the
1168 2870 1280 2901 words.
1318 2869 1477 2900 Antonius
1492 2867 1612 2906 bought
1628 2876 1715 2897 some
