1816 3211
265 673 795 753 ORATIONUM
878 669 1590 746 PHILIPPICARUM
1642 775 1645 779 ᾗ

634 847 838 893 LIBER
875 846 1226 893 SEPTIMUS.

192 1173 227 1213 I.
260 1173 434 1212 PAnvis
468 1172 518 1212 de
549 1171 687 1220 rebus,
712 1171 785 1211 sed
816 1170 995 1210 fortasse
1026 1168 1274 1209 necessariis
1296 1166 1560 1216 consulimur,
1584 1169 1727 1221 patres

133 1237 373 1292 conscripti.
436 1236 502 1276 De
525 1235 666 1291 Appia
687 1235 752 1275 via
783 1239 826 1275 et
859 1235 910 1275 de
947 1234 1124 1274 Moneta
1156 1233 1311 1282 consul,
1345 1232 1395 1272 de
1423 1230 1624 1286 Lupercis
1654 1229 1727 1270 tri-

132 1302 267 1342 bunus
288 1302 420 1357 plebis
441 1301 582 1342 refert.
646 1301 832 1352 Quarum
864 1314 1001 1340 rerum
1033 1299 1113 1340 etsi
1147 1298 1279 1339 facilis
1305 1297 1528 1352 explicatio
1549 1296 1726 1345 videtur,

133 1371 274 1407 tamen
295 1366 458 1407 animus
479 1366 648 1406 aberrat
669 1380 694 1405 a
714 1364 924 1405 sententia
945 1378 1170 1418 suspensus
1199 1362 1308 1404 curis
1339 1362 1579 1417 majoribus.
1640 1360 1729 1401 Ad-

135 1434 262 1474 ducta
289 1439 354 1474 est
386 1433 507 1479 enim,
538 1436 679 1487 patres
713 1430 954 1484 conscripti,
989 1444 1056 1470 res
1092 1429 1132 1469 in
1164 1428 1387 1469 maximum
1422 1427 1650 1483 periculum
1686 1429 1730 1466 et

135 1504 369 1540 extremum
396 1512 528 1554 paene
560 1496 797 1537 discrimen.
860 1495 956 1535 Non
989 1495 1078 1536 sine
1111 1509 1259 1534 caussa
1290 1494 1525 1548 legatorum
1563 1489 1726 1546 [istam]

135 1564 374 1605 missionem
405 1577 570 1618 semper
599 1561 732 1610 timui,
755 1575 980 1615 numquam
1011 1559 1211 1615 probavi;
1246 1573 1421 1614 quorum
1443 1558 1602 1599 reditus
1633 1555 1731 1611 quid

136 1629 193 1670 sit
214 1629 413 1670 allaturus
440 1628 611 1682 ignoro3
647 1625 910 1681 exspectatio
933 1625 1099 1680 quidem
1122 1628 1325 1678 quantum
1346 1624 1493 1664 afferat
1519 1620 1732 1676 languoris

136 1693 287 1734 animis
309 1693 399 1748 quis
420 1708 502 1733 non
524 1692 664 1732 videt?
725 1691 821 1731 Non
843 1690 952 1731 enim
973 1704 1017 1730 se
1038 1694 1185 1730 tenent
1216 1689 1255 1738 ii,
1280 1688 1349 1743 qui
1380 1692 1570 1729 senatum
1592 1685 1733 1726 dolent

139 1759 192 1799 ad
213 1757 481 1799 auctoritatis
503 1756 705 1811 pristinae
734 1770 852 1809 spem
880 1754 1145 1803 revirescere,
1169 1753 1442 1807 conjunctum
1475 1751 1569 1792 huic
1601 1749 1734 1791 ordini

138 1823 338 1877 populum
361 1822 608 1870 Romanum,
634 1819 944 1873 conspirantem
970 1817 1148 1865 ltaliam,
1172 1823 1342 1872 paratos
1364 1816 1588 1865 exercitus,
1612 1829 1742 1869 expe-·

140 1886 251 1926 ditos
273 1886 411 1926 duces.
475 1885 505 1924 J
509 1900 576 1924 am
596 1899 705 1924 nunc
726 1884 892 1938 fingunt
912 1897 1112 1937 responsa
1131 1881 1320 1930 Antonii,
1340 1896 1470 1936 eaque
1492 1881 1732 1921 defendunt.

143 1950 229 1992 Alii
252 1950 462 2004 postulare
495 1949 607 1989 illum
642 1954 691 1989 ut
723 1963 867 1988 omnes
898 1947 1110 1988 exercitus
1139 1946 1418 1987 dimittantur.
1481 1945 1649 1986 Scilicet
1679 1944 1732 1984 le-

141 2020 265 2071 gatos
286 2016 338 2055 ad
360 2029 455 2055 eum
476 2014 674 2061 misimus,
697 2027 780 2052 non
811 2018 858 2052 ut
890 2016 1058 2066 pareret
1089 2015 1133 2052 et
1162 2010 1274 2050 dicto
1303 2010 1476 2051 audiens
1498 2015 1609 2050 esset
1639 2009 1736 2049 huic

142 2080 290 2129 ordini,
313 2080 387 2120 sed
408 2085 457 2120 ut
485 2079 745 2119 conditiones
773 2079 915 2127 ferret,
938 2079 1054 2132 leges
1079 2077 1322 2131 imponeret,
1346 2092 1529 2118 reserare
1557 2091 1633 2117 nos
1662 2091 1735 2117 ex-

144 2146 246 2187 teris
267 2145 466 2199 gentibus
490 2144 656 2185 Italiam
674 2144 857 2197 juberet,
888 2157 932 2183 se
954 2142 1203 2197 praesertim
1224 2142 1429 2192 incolumi,
1453 2157 1477 2182 a
1499 2157 1579 2197 quo
1600 2143 1736 2196 majus

143 2210 372 2265 periculum
394 2223 518 2264 quam
539 2209 590 2248 ab
607 2209 700 2248 ullis
721 2207 961 2248 nationibus
983 2206 1341 2247 extimescendum
1359 2211 1436 2246 est.
1488 2206 1575 2246 Alii
1596 2206 1735 2247 remit-

145 2281 234 2316 tere
256 2290 349 2315 eum
370 2274 489 2314 nobis
513 2273 691 2314 Galliam
722 2272 971 2321 citeriorem,
996 2271 1107 2311 illam
1123 2271 1313 2311 ultimam
1343 2270 1581 2325 postulare3
1616 2285 1737 2325 prae·

147 2340 368 2380 clare—ex
399 2353 480 2392 qua
519 2352 600 2378 non
633 2337 818 2391 legiones
848 2337 995 2385 solum,
1025 2335 1099 2376 sed
1132 2335 1260 2376 etiam
1290 2335 1481 2376 nationes
1508 2336 1561 2375 ad
1592 2336 1735 2376 urbem

147 2408 321 2443 conetur
359 2403 579 2443 adducere.
642 2401 727 2442 Alii
768 2400 868 2441 nihil
908 2415 1003 2441 eum
1038 2401 1127 2454 jam
1167 2400 1245 2440 nisi
1281 2401 1469 2441 modeste
1508 2400 1734 2454 postulare.

151 2467 444 2507 Macedoniam
476 2481 594 2507 suam
625 2471 747 2507 vocat
783 2465 962 2513 omnino,
1001 2464 1195 2519 quoniam
1225 2464 1350 2505 Gaius
1383 2464 1512 2505 frater
1544 2470 1610 2505 est
1639 2464 1735 2504 inde

147 2536 378 2573 revocatus.
441 2532 523 2572 Sed
554 2546 660 2586 quae
692 2531 905 2586 provincia
932 2535 999 2576 est
1035 2544 1088 2570 ex
1121 2544 1203 2584 qua
1235 2529 1305 2570 illa
1338 2529 1408 2569 fax
1440 2529 1625 2570 excitare
1651 2543 1735 2569 non

195 2645 222 2675 1.
248 2643 286 2672 de
306 2644 453 2682 Moneta]
503 2644 641 2683 Perhaps
657 2643 755 2673 about
770 2643 826 2673 the
841 2645 922 2673 tem·
967 2645 1021 2665 —‘
1036 2652 1173 2672 reserare
1187 2641 1209 2671 :'
1232 2644 1265 2672 to
1287 2651 1402 2680 expose
1419 2641 1502 2680 Italy
1522 2643 1555 2670 to
1571 2640 1676 2670 attack
1692 2639 1735 2679 by

148 2687 200 2726 ple
224 2686 259 2715 of
278 2686 364 2715 Juno
391 2686 533 2721 Moneta,
560 2696 594 2716 or
621 2687 800 2724 something
827 2686 924 2715 about
968 2685 1157 2723 disbanding
1170 2685 1225 2714 the
1241 2688 1358 2723 troops.

150 2730 205 2759 the
220 2729 310 2763 mint,
333 2737 366 2756 as
387 2728 551 2757 Manutius
573 2732 780 2767 suggests.—‘
795 2729 833 2758 de
856 2729 921 2757 Lu-
1009 2727 1163 2766 modeste]
1212 2727 1257 2756 As
1285 2726 1450 2756 Manutius
1480 2724 1645 2765 suggested
1671 2724 1733 2754 and

150 2772 251 2812 percis
263 2770 283 2800 ε’
307 2770 404 2800 about
418 2771 473 2800 the
489 2771 622 2810 Luperci
647 2782 683 2801 or
703 2772 757 2801 the
783 2771 921 2800 celebra·
967 2770 1122 2800 Muretus.
1170 2769 1278 2799 Ursini
1296 2779 1365 2808 says
1381 2769 1450 2798 that
1465 2769 1520 2798 the
1536 2768 1630 2797 Liber
1642 2767 1732 2796 Vati-

151 2815 219 2844 tion
249 2813 284 2843 of
302 2813 357 2842 the
387 2813 571 2851 Lupercalia
601 2814 633 2843 in
665 2814 825 2853 February
852 2813 918 2853 (see
962 2822 1058 2842 canus
1088 2812 1144 2841 has
1175 2811 1359 2841 ‘modeste’
1406 2811 1447 2840 D.
1464 2811 1521 2840 has
1552 2809 1730 2838 ‘modestis

153 2856 280 2897 Index).
961 2855 1065 2884 There
1091 2855 1117 2883 is
1147 2864 1166 2883 a
1196 2854 1324 2893 reading
1362 2851 1584 2883 ‘modestum'
1613 2852 1647 2881 in
1676 2852 1731 2882 the

194 2898 401 2937 revirescere]
428 2898 467 2934 V,
487 2898 593 2927 Halm.
634 2898 855 2929 ‘reviviscere’
875 2898 917 2928 D.
962 2897 1089 2937 printed
1104 2896 1214 2926 books.
