1816 3211
656 190 788 232 CAP.
821 193 1005 232 10—12.
1218 220 1221 222 -
1548 196 1628 239 707

28 303 158 345 citate
179 318 261 345 uno
283 304 348 345 die
369 303 471 346 locis
503 303 691 360 pluribus
720 319 788 346 res
816 305 983 360 publica
1012 309 1078 358 0511
1111 310 1368 348 conservata.
1431 307 1518 348 XI.
1543 308 1627 350 De-

19 383 152 410 cerno
189 369 318 424 igitur
355 384 499 410 eorum
528 367 657 411 trium
687 370 852 411 nomine
884 355 1187 426 quinqiiaginta
1227 371 1387 412 dierum
1423 373 1628 428 supplica-

25 433 186 475 tiones:
233 449 414 484 caussas,
456 439 504 476 ut
543 435 974 477 honorificentissimis
1009 436 1146 477 verbis
1186 437 1385 496 consequi
1435 444 1626 494 potuero,

26 500 282 555 complectar
302 500 393 556 ipsa
412 501 635 542 sententia.

85 565 169 606 Est
189 570 332 606 autem
352 566 449 606 fidei
465 566 717 621 pietatisque
738 571 909 608 nostrae
931 566 1141 608 declarare
1162 566 1403 609 fortissimis
1423 568 1628 610 militibus

25 645 149 686 quam
171 645 375 671 memores
395 630 525 671 simus
547 646 755 686 quamque
775 632 900 687 grati.
941 631 1222 684 Quamobrem
1242 634 1446 688 promissa
1466 638 1626 684 nostra,

23 699 151 749 atque
173 709 221 735 ea
243 709 349 748 quae
369 695 603 749 legionibus
618 696 725 736 bello
749 697 939 737 confecto
961 697 1195 738 tributuros
1216 712 1292 739 nos
1313 699 1623 754 spopondimus,

23 759 225 801 hodierno
245 760 609 801 senatusconsulto
630 761 868 801 renovanda
888 775 1038 802 censeo
1055 777 1063 802 :
1097 777 1276 817 aequum
1298 769 1364 805 est
1384 764 1494 805 enim
1522 764 1625 805 mili-

23 829 116 867 tum
147 824 296 865 talium
327 824 577 879 praesertim
611 825 817 886 honorem
845 825 1057 896 copjungi.
1118 826 1262 881 Atque
1284 828 1458 877 utinam,
1482 834 1626 884 patres

25 890 265 946 conscripti,
303 890 461 932 civibus
494 891 686 931 omnibus
721 876 1033 931 solvere‘n‘obis
1068 892 1252 946 praemia
1276 892 1447 934 liceret!
1483 908 1625 949 quam-

25 971 149 1011 quam
178 970 255 997 nos
275 970 325 997 ea
346 971 451 1012 quae
478 955 743 1011 promisimus
775 955 962 997 studiose
999 957 1213 998 cumulata
1242 958 1477 1000 reddemus.
1541 959 1626 1000 Sed

25 1021 67 1062 id
89 1020 256 1077 quidem
291 1026 438 1071 restat,
461 1027 508 1062 ut
540 1036 678 1076 spero,
706 1020 949 1071 victoribus,
988 1021 1138 1076 quibus
1173 1027 1345 1064 senatus
1375 1023 1480 1064 fides
1506 1039 1625 1079 prae-

26 1086 221 1137 stabitur,
264 1101 390 1142 quam
429 1086 627 1142 quoniam
667 1086 908 1128 difficillimo
944 1087 1004 1128 rei
1038 1087 1229 1142 publicae
1269 1093 1458 1144 tempore
1490 1090 1625 1131 secuti

24 1156 136 1202 sunt,
160 1160 232 1194 eos
259 1167 484 1208 numquam
514 1152 727 1208 oportebit
758 1151 916 1193 consilii
937 1152 1000 1193 sui
1021 1153 1249 1208 paenitere.
1312 1153 1397 1195 Sed
1417 1154 1538 1197 facile
1559 1160 1625 1196 est

24 1218 132 1259 bene
166 1232 291 1274 agere
324 1233 418 1259 cum
448 1218 498 1259 iis
528 1225 557 1259 *a
589 1218 738 1273 quibus
771 1210 903 1259 etiam*
932 1218 1173 1259 tacentibus
1207 1188 1621 1274 flagrt'affssxiidemur.

27 1283 138 1325 Illud
157 1284 442 1325 admirabilius
463 1289 506 1326 et
527 1286 662 1339 majus
684 1284 949 1339 maximeque
976 1284 1190 1340 proprium
1222 1288 1392 1327 senatus
1423 1286 1623 1340 sapientis

24 1365 47 1391 e
93 1376 123 1401 ,1,
156 1354 249 1391 rata
280 1364 423 1391 eorum
443 1350 643 1392 virtutem
675 1349 875 1390 memoria
904 1349 1099 1405 prosequi
1130 1350 1201 1406 qui
1231 1365 1306 1406 pro
1337 1351 1474 1406 patria
1494 1351 1622 1392 vitam

23 1354 316 1471 pffssfiderunt.
379 1416 566 1468 Quorum
606 1416 656 1457 de
690 1415 846 1456 honore
882 1415 1044 1456 utinam
1079 1416 1180 1457 mihi
1214 1417 1333 1472 plura
1364 1417 1406 1457 in
1438 1422 1622 1458 mentem

23 1561 115 1587 rum
137 1547 314 1588 alterum
346 1546 532 1601 pertinet
579 1546 605 1586 d
625 1546 806 1601 virorum
838 1546 1161 1588 fortissimorum
1194 1547 1369 1602 gloriam
1406 1548 1623 1603 sempiter-

24 1626 133 1661 nam,
156 1611 333 1653 alterum
354 1612 407 1652 ad
427 1602 493 1653 Ιὲἵί
566 1627 581 1652 (
595 1593 917 1664 uiii‘maerorem
938 1616 982 1653 et
1002 1612 1164 1654 luctum
1185 1613 1476 1667 proximorum.

84 1677 198 1718 XII.
232 1676 382 1718 Placet
402 1677 531 1733 igitur
550 1665 664 1727 mihi,
687 1682 829 1732 patres
850 1677 1090 1733 conscripti,
1114 1677 1290 1733 legionis
1315 1677 1498 1719 Martiae
1519 1678 1623 1719 mili-

26 1743 141 1785 tibus
163 1746 207 1784 et
228 1743 289 1784 eis
310 1743 379 1798 qui
411 1758 494 1785 una
520 1748 758 1799 pugnantes
779 1743 1022 1784 occiderunt
1049 1749 1367 1786 monumentum
1388 1744 1474 1784 fieri
1498 1758 1622 1799 quam

24 1808 333 1864 amplissimum.
411 1809 572 1864 Magna
611 1813 739 1864 atque
778 1808 1036 1850 incredibilia
1075 1813 1175 1850 sunt
1209 1809 1251 1849 in
1287 1824 1373 1854 rm
1413 1809 1623 1865 publicam

24 1875 149 1930 hujus
169 1874 320 1916 merita
353 1874 543 1930 legionis.
606 1874 728 1916 Haec
749 1889 793 1915 se
821 1875 954 1930 prima
985 1875 1206 1916 latrocinio
1241 1823 1413 1930 abrfd’firt'
1435 1875 1622 1925 Antonii,

25 1940 129 1981 haec
163 1939 302 1981 tenuit
344 1939 509 1991 Albam,
551 1940 655 1982 haec
699 1955 744 1981 se
782 1940 836 1981 ad
877 1939 1102 1982 Gaesarem
1143 1940 1333 1991 contulit,
1378 1940 1485 1982 hanc
1536 1941 1623 1982 imi-

25 2009 119 2047 tata
151 2005 313 2058 Quarta
342 2005 450 2061 legio
485 2014 627 2061 parem
659 1998 826 2047 virtutis
858 2006 1035 2060 gloriam
1063 2010 1291 2047 consecuta
1319 2010 1398 2047 est.
1463 2006 1624 2058 Quarta

25 2070 180 2112 victrix
225 2071 436 2123 desiderat
479 2071 718 2112 neminem:
770 2086 823 2112 ex
876 2070 1037 2112 Martia
1078 2070 1261 2111 nonnulli
1311 2070 1352 2110 in
1403 2070 1494 2125 ipsa
1544 2071 1623 2112 vic-

23 2135 133 2177 toria
165 2136 449 2178 conciderunt.
513 2136 549 2178 O
585 2136 802 2194 fortunata
840 2150 964 2186 mors,
1008 2150 1112 2190 quae
1152 2139 1326 2176 naturae
1367 2134 1508 2176 debita
1549 2149 1625 2189 pro

25 2201 162 2257 patria
197 2206 263 2243 est
297 2201 562 2258 potissimum
593 2184 785 2259 relidffta!
850 2199 942 2241 Vos
974 2214 1071 2240 vero
1111 2199 1272 2254 patriae
1312 2205 1434 2241 natos
1464 2200 1623 2253 judico,

26 2260 200 2323 quorum
229 2267 358 2309 etiam
388 2281 539 2308 nomen
559 2282 585 2308 a
608 2264 753 2307 Marte
780 2270 859 2314 est,
881 2269 930 2305 ut
951 2264 1060 2305 idem
1092 2265 1196 2305 deus
1224 2265 1370 2305 urbem
1398 2265 1504 2305 hanc
1524 2280 1625 2320 gen-

26 2332 152 2382 tibus,
175 2347 250 2374 vos
277 2331 373 2373 huic
405 2332 496 2373 urbi
522 2312 719 2387 gfflisfse
739 2330 943 2371 videatur.
1008 2329 1057 2369 In
1081 2329 1180 2385 fuga
1208 2329 1331 2371 foeda
1351 2344 1462 2370 mors
1483 2336 1560 2380 est,
1585 2331 1625 2371 111

27 2397 205 2439 v‘ctoria
236 2397 447 2453 gloriosa;
483 2396 640 2438 etenim
662 2395 782 2435 Mars
814 2395 902 2450 ipse
925 2409 977 2435 ex
997 2394 1086 2435 acie
1113 2395 1389 2436 fortissimum
1420 2410 1626 2451 quemque

0 2413 240 2518 {pignerari
267 2462 390 2503 solet.
454 2461 519 2500 Illi
547 2460 675 2515 igitur
707 2459 821 2515 impii
851 2474 956 2515 quos
988 2459 1198 2501 cecidistis
1231 2460 1358 2501 ctiam
1387 2461 1441 2501 ad
1473 2461 1627 2502 inferos

75 2554 124 2584 ll.
148 2552 311 2591 Decerno]
340 2553 346 2567 ‘
364 2550 378 2580 1
396 2560 531 2590 proposc
551 2560 570 2581 a
586 2551 756 2581 Decretum
773 2553 806 2581 to
852 2550 972 2583 Quarta
987 2550 1040 2580 did
1062 2553 1119 2581 not
1139 2551 1204 2581 lose
1228 2561 1246 2581 a
1272 2561 1367 2588 man3
1392 2552 1494 2581 which
1519 2553 1544 2582 is
1573 2557 1628 2581 not

28 2596 92 2627 this
108 2595 223 2626 effect!
270 2594 329 2624 See
346 2594 456 2623 Index.
851 2603 924 2633 very
940 2593 1047 2632 likely.
1095 2594 1196 2624 Galba
1215 2595 1361 2625 however
1377 2596 1489 2634 speaks
1506 2595 1579 2634 only
1596 2596 1632 2624 of

73 2638 253 2677 cumulata]
294 2637 364 2667 The
376 2637 473 2666 MSS.
484 2637 563 2666 have
576 2638 582 2652 ‘
595 2646 788 2676 quamquam
801 2635 809 2650 '
851 2636 906 2666 the
921 2636 984 2667 loss
1000 2637 1036 2666 of
1055 2647 1142 2667 some
1158 2648 1231 2668 111011
1247 2638 1283 2667 of
1303 2638 1357 2667 the
1383 2638 1560 2668 Praetoriae
1577 2648 1627 2667 co-

29 2682 92 2713 and
113 2685 121 2699 ⁴
135 2691 229 2721 quam
256 2679 378 2710 multa.'
427 2683 434 2697 ‘
449 2679 618 2710 Cumulata
633 2678 640 2691 ’
664 2680 689 2709 15
718 2679 806 2709 Nau·
851 2680 957 2710 hortes
974 2680 1035 2710 and
1049 2681 1085 2710 of
1097 2681 1152 2710 the
1166 2681 1263 2720 Legio
1278 2681 1460 2710 Martia—⁴
1473 2681 1593 2710 reddita
1607 2681 1626 2708 :¹

29 2725 145 2765 gerius'
170 2724 335 2763 ingenious
358 2722 570 2757 emendation,
595 2722 695 2752 which
723 2725 807 2753 most
852 2723 906 2753 the
922 2722 997 2753 debt
1012 2723 1074 2753 due
1096 2726 1129 2754 to
1146 2728 1257 2754 nature
1274 2734 1335 2753 was
1361 2724 1431 2762 paid
1458 2733 1498 2753 on
1524 2723 1633 2752 bohulf

29 2768 66 2799 of
88 2769 143 2798 the
170 2767 274 2797 critias
298 2767 378 2796 have
409 2766 581 2805 approved.
632 2765 808 2796 Lambinus
852 2765 888 2796 of
901 2766 956 2796 the
973 2766 1087 2796 Patria.

28 2810 184 2852 proposed
215 2808 482 2848 ‘cumulateque‚’
510 2808 572 2838 and
606 2809 702 2839 Halm
734 2818 808 2849 pro·
889 2810 1077 2850 piqnerari]
1104 2812 1158 2839 ‘to
1183 2811 1255 2840 take
1283 2810 1315 2839 in
1340 2808 1474 2849 pledge:
1495 2808 1551 2837 but
1575 2807 1630 2837 the

29 2864 122 2896 poses
139 2858 146 2870 ⁴
157 2856 253 2893 atque
268 2851 449 2883 cumulate!
853 2852 1020 2892 metaphor
1035 2853 1060 2882 is
1076 2855 1133 2882 not
1148 2853 1240 2892 good.
1290 2853 1340 2882 lle
1356 2861 1464 2881 means
1487 2851 1556 2881 that
1576 2851 1631 2880 the

73 2908 145 2929 cum
162 2896 217 2936 iis]
237 2896 257 2933 i,
276 2899 283 2913 ‘
298 2905 370 2925 cum
386 2895 435 2924 his
448 2894 456 2908 '
472 2904 490 2924 a
505 2893 525 2924 b
542 2904 572 2931 v,
590 2894 700 2925 Halm.
852 2895 979 2925 bravest
1005 2895 1055 2926 die
1079 2896 1112 2925 in
1140 2895 1305 2925 battle—⁴
1321 2895 1358 2924 ad
1384 2893 1531 2923 inferosz'
1555 2894 1630 2932 they

74 2943 124 2973 12.
153 2940 278 2976 Quarta
296 2962 304 2970 .
323 2961 330 2969 .
349 2960 358 2969 .
373 2937 547 2978 neminem]
599 2937 652 2969 He
667 2947 739 2978 says
754 2937 809 2969 the
852 2938 916 2968 will
932 2937 971 2968 be
986 2938 1143 2978 punished
1160 2939 1192 2968 in
1209 2938 1273 2968 hell
1288 2950 1295 2974 ;
1321 2937 1377 2968 but
1399 2937 1453 2967 the
1469 2936 1633 2966 desendcrs

802 2983 913 3021 zz2

24 1481 240 1523 venirent!
275 1482 356 1522 duo
379 1485 493 1522 certe
523 1495 607 1521 non
631 1480 880 1536 praeteribo,
906 1495 1013 1536 quae
1035 1482 1212 1522 maxime
1235 1488 1485 1530 occurrunt;
1521 1482 1779 1551 quo-MJVQss-r
