1816 3211
88 243 171 283 3840
486 243 664 285 ORAT.
699 244 818 285 PRO
854 243 917 284 M.
953 243 1291 286 MARCELLO

86 356 266 397 randum
306 357 426 412 quasi
468 357 633 413 signum
673 358 841 413 aliquod
881 357 1102 399 sustulisti.
1166 357 1435 400 Intellectum
1474 363 1540 401 est
1575 360 1683 401 enini

87 422 188 462 mihi
210 422 376 477 quidem
405 422 445 462 in
473 423 616 463 inultis
637 428 680 483 et
710 423 891 463 maxime
923 423 964 462 in
995 438 1061 463 me
1093 422 1197 477 ipso,
1221 423 1294 462 sed
1316 424 1453 477 paullo
1474 430 1572 466 ante
1599 425 1680 479 [in]

88 488 290 533 omnibus.
316 502 444 542 quum
469 487 531 526 M.
557 487 805 527 Marcellum
833 487 996 528 senatui
1018 487 1251 542 populoque
1280 486 1471 529 Romano
1494 503 1683 530 eoncess-

87 553 170 601 isti,
195 552 531 593 commemoratis
552 553 798 606 praesertim
823 552 1131 602 offensionibus,
1157 557 1199 593 te
1231 552 1528 594 auctoritatem
1558 554 1684 608 hujus

89 617 245 658 ordinis
287 617 620 671 dignitatemque
661 617 719 657 rei
759 617 951 672 publicae
992 617 1076 658 tuis
1109 617 1172 658 vel
1212 617 1424 658 doloribus
1458 618 1522 659 vel
1553 619 1683 674 suspi-

88 683 276 724 cionibus
306 683 530 723 anteferre.
605 682 681 723 Ille
713 683 880 738 quidem
912 683 1097 724 fructum
1129 682 1263 723 omnis
1292 689 1391 723 ante
1424 688 1544 724 actae
1574 683 1684 730 vitae

85 747 287 788 hodierno
319 747 384 787 die
416 747 645 788 maximum
677 748 800 803 cepit,
824 763 952 803 quum
973 763 1136 788 summo
1159 762 1365 788 consensu
1387 756 1570 798 senatus,
1594 752 1685 790 tum

90 811 350 868 [praeterea]
385 812 544 867 judicio
582 818 655 854 tuo
688 813 937 868 gravissimo
973 818 1017 854 et
1048 813 1256 855 maximo:
1302 828 1354 853 ex
1386 828 1466 868 quo
1497 814 1684 868 profecto

85 878 282 933 intelligis
304 884 462 933 quanta
493 878 533 918 in
565 879 664 919 dato
698 879 900 919 beneficio
933 878 991 920 sit
1021 879 1124 927 laus,
1148 893 1277 933 quum
1303 878 1345 918 in
1366 883 1543 933 accepto
1564 883 1684 920 tanta

85 945 142 985 sit
176 943 322 999 gloria.
386 943 469 984 Est
503 958 600 984 vero
632 944 873 985 fortunatus
906 943 984 994 ille,
1022 944 1141 998 cujus
1177 958 1229 983 ex
1264 943 1399 984 salute
1432 958 1514 984 non
1551 944 1686 984 minor

86 1025 217 1065 paene
250 1010 303 1049 ad
338 1023 481 1050 omnes
515 1024 639 1064 quam
667 1010 720 1050 ad
754 1010 890 1065 ipsum
923 1015 1101 1051 ventura
1133 1009 1188 1050 sit
1223 1009 1399 1060 laetitia,
1420 1011 1680 1065 pervenerit:

86 1076 197 1130 quod
219 1075 385 1130 quidem
407 1075 444 1116 ei
466 1075 616 1116 merito
638 1082 765 1130 atque
797 1075 955 1131 optimo
982 1075 1077 1130 jure
1110 1074 1299 1130 contigit.
1365 1074 1468 1126 Quis
1489 1075 1598 1116 enim
1619 1081 1685 1117 est

84 1141 153 1181 illo
183 1146 259 1181 aut
289 1140 507 1181 nobilitate
537 1146 613 1182 aut-
643 1140 855 1194 probitate
885 1144 961 1181 aut
992 1140 1244 1195 optimarum
1275 1140 1429 1181 artium
1450 1141 1589 1181 studio
1610 1146 1684 1182 aut

84 1205 323 1246 innocentia
345 1211 419 1246 aut
440 1205 523 1245 ullo
544 1206 680 1246 laudis
701 1221 856 1261 genere
877 1205 1185 1260 praestantior?

146 1270 207 1310 H.
238 1270 402 1310 Nullius
424 1275 590 1311 tantum
612 1271 766 1310 flumen
788 1275 854 1312 est
874 1270 1044 1326 ingenii,
1063 1269 1177 1309 nulla
1198 1268 1362 1310 dicendi
1383 1273 1457 1310 aut
1477 1269 1684 1310 scribendi

84 1340 207 1376 tanta
238 1335 311 1385 vis,
350 1340 472 1376 tanta
506 1335 641 1391 eopia,
678 1351 785 1390 quae
821 1351 904 1377 non
941 1335 1077 1376 dicam
1112 1349 1328 1383 exornare,
1366 1336 1440 1375 sed
1477 1350 1683 1384 enarrare,

87 1400 133 1441 G.
161 1399 328 1451 Caesar,
362 1416 429 1442 res
465 1405 562 1441 tuas
597 1407 742 1456 gestas
778 1402 926 1457 possit.
988 1401 1149 1441 Tamen
1185 1401 1359 1450 affirmo,
1393 1406 1436 1442 et
1466 1402 1544 1442 1100
1580 1416 1684 1457 paee

85 1466 221 1507 dicam
251 1476 338 1513 tua,
362 1467 518 1507 nullam
549 1467 591 1506 iu
622 1467 687 1507 his
716 1482 807 1508 esse
839 1467 1005 1508 laudem
1036 1465 1278 1521 ampliorem
1300 1482 1426 1522 quam
1447 1482 1538 1508 eam
1560 1463 1687 1522 quani

84 1532 285 1573 hodierno
307 1533 373 1573 die
397 1537 649 1574 consecutus
671 1548 730 1574 es.
793 1532 915 1573 Soleo
938 1546 1063 1587 saepe
1084 1537 1184 1573 ante
1206 1532 1348 1572 oeulos
1369 1546 1536 1587 ponere,
1559 1533 1684 1587 idque

83 1596 265 1639 libenter
302 1599 459 1639 crebris
494 1613 695 1652 usurpare
732 1598 1006 1647 sermonibus,
1046 1612 1189 1638 omnes
1224 1601 1467 1637 nost-rorum
1506 1597 1683 1651 impera-

83 1659 235 1714 torum,
260 1678 404 1704 omnes
435 1654 673 1704 exterarum
703 1663 892 1718 gentium
922 1654 1392 1718 potentissimorumque
1418 1661 1679 1716 populorum,

128 1778 218 1816 quasi
233 1778 360 1816 siynum
379 1799 387 1807 .
405 1799 414 1807 .
431 1799 440 1807 .
454 1777 630 1816 sustulisti]
679 1776 709 1807 A
725 1777 861 1816 military

85 1820 261 1859 metaphor,
292 1821 428 1860 perhaps
450 1820 602 1850 intended
631 1830 665 1849 as
687 1830 706 1849 a
729 1820 860 1859 compli-

85 1867 174 1892 ment
204 1866 237 1892 to
268 1863 393 1894 Caesar.
448 1863 480 1892 It
509 1863 535 1892 is
569 1863 623 1892 the
659 1866 666 1880 ‘
681 1863 827 1892 vexillum
841 1861 860 1892 :’

84 1909 105 1922 “
117 1905 265 1935 vexillum
282 1906 533 1945 proponendum,
549 1905 634 1945 quod
654 1909 721 1935 erat
741 1906 863 1944 insigne

86 1958 183 1988 quum
200 1948 238 1978 ad
255 1959 341 1978 arma
353 1949 494 1978 concurri
507 1952 666 1988 oporteret
677 1948 696 1962 ''
722 1948 862 1988 (Caesar,

87 1991 125 2021 B.
149 1991 187 2021 G.
210 1991 240 2020 ii.
259 1991 427 2029 20).—‘in
452 1992 598 2021 omnibus
613 1990 631 2021 τ’
657 1994 676 2008 “
691 1991 866 2021 codd..noti

85 2044 194 2064 omnes
208 2033 226 2047 '⁷
253 2033 402 2075 (Baiter),
419 2034 490 2064 who
507 2035 601 2064 omits
619 2038 625 2051 ‘
639 2034 695 2064 in.’

130 2079 160 2107 2.
195 2077 345 2116 IVullivs]
410 2080 417 2094 ‘
431 2087 472 2107 no
503 2076 627 2107 man'S.’
689 2080 697 2095 ⁴
714 2076 863 2107 Nullius’

86 2120 161 2149 does
190 2123 247 2150 not
277 2130 368 2158 agree
395 2121 471 2150 with
502 2120 665 2159 ‘ingenit'
713 2121 866 2150 Patricius

88 2163 188 2192 would
205 2163 308 2202 prefer
337 2163 501 2193 ‘nullum.’
548 2163 681 2193 Abrami
704 2173 866 2203 compares

86 2206 234 2242 Juvenal,
252 2216 282 2236 x.
300 2208 381 2236 ll8:

98 2269 118 2284 ⁴‘
133 2266 270 2306 Eloquio
286 2266 340 2296 sed
357 2270 490 2307 uterque
505 2266 588 2306 perit
611 2269 725 2303 orator,
742 2269 866 2296 utrum-

131 2319 253 2424 LaEiglfis
265 2354 315 2407 „et
345 2352 509 2382 exundans
539 2352 603 2382 leto
634 2352 720 2383 dedit
748 2352 868 2392 ingenii

189 2404 257 2425 ons.

88 2465 142 2484 —‘
152 2462 239 2492 nulla
249 2462 267 2492 ε’
284 2462 374 2492 there
382 2463 408 2492 is
418 2473 458 2492 an
468 2462 595 2492 inferior
604 2463 733 2502 reading
749 2466 756 2480 ⁴
766 2462 866 2493 nulli!

91 2505 180 2535 Most
200 2506 235 2535 of
256 2506 319 2535 this
341 2506 471 2544 chapter
486 2506 511 2535 is
533 2506 566 2535 in
590 2516 664 2545 very
687 2506 748 2536 bad
774 2509 866 2542 taste‚

91 2548 151 2577 and
179 2552 263 2578 most
289 2548 420 2587 forcibly
448 2549 556 2583 feeble,
584 2549 646 2578 like
673 2549 728 2578 the
754 2549 820 2578 talk
836 2549 872 2578 of

90 2591 180 2620 those
196 2592 301 2621 whose
319 2591 489 2630 eloquence
504 2592 531 2621 is
547 2592 578 2620 in
596 2592 752 2631 sounding
768 2592 867 2622 words

91 2634 177 2672 only.

135 2675 309 2714 usmqmre]
360 2676 419 2706 See
438 2676 548 2711 Index,
562 2677 634 2706 Vol.
648 2677 744 2707 iit—¹
758 2687 868 2707 omnes

120 2741 128 2748 .
146 2741 153 2748 .
181 2719 439 2757 imperatorum:5
474 2719 536 2748 this
563 2729 625 2749 was
655 2721 710 2749 the
735 2720 812 2750 kind
837 2720 872 2750 of

91 2763 246 2801 language
263 2761 371 2792 Cicero
387 2761 463 2791 used
486 2765 519 2790 to
543 2763 666 2801 employ
683 2763 714 2792 in
730 2763 778 2792 his
801 2763 868 2792 lau-

93 2805 217 2834 dations
243 2804 279 2833 of
306 2804 365 2834 Cn.
398 2805 584 2842 Pompeius;
613 2805 669 2834 but
700 2806 868 2844 Pompeius

93 2858 155 2878 was
170 2857 240 2877 now
257 2847 345 2876 dead.
390 2847 490 2876 What
514 2847 554 2876 he
581 2857 650 2886 says
677 2848 751 2877 here
777 2849 803 2878 is
827 2858 868 2878 no

93 2901 181 2921 more
196 2890 274 2920 than
298 2889 353 2920 the
367 2890 465 2920 truth.
514 2890 529 2919 I
546 2889 585 2919 do
602 2894 658 2919 not
675 2901 726 2920 see
742 2891 813 2931 why
830 2891 869 2920 110

94 2944 165 2973 may
187 2936 243 2962 not
269 2933 348 2962 have
375 2933 441 2962 said
468 2932 502 2962 it.
550 2932 614 2962 But
634 2933 687 2962 the
713 2934 781 2972 silly
798 2944 868 2963 sen-

93 2980 185 3007 tence
207 2976 318 3010 ‘Quae
341 2975 467 3016 quidem
483 2985 541 3014 ego
567 2997 573 3005 .
593 2997 599 3005 .
619 2997 625 3004 .
654 2985 762 3006 amens
789 2977 846 3006 51111
859 2977 866 2990 ’

905 1777 946 1806 110
971 1776 1063 1806 could
1088 1775 1199 1815 hardly
1229 1775 1308 1805 have
1338 1775 1472 1806 written.
1518 1775 1550 1805 It
1576 1776 1601 1806 is
1625 1779 1684 1806 not

906 1819 980 1858 only
1000 1819 1033 1848 in
1060 1818 1228 1848 substance
1253 1829 1271 1847 a
1297 1819 1466 1857 repetition
1490 1819 1525 1848 of
1545 1819 1628 1849 what
1644 1820 1684 1849 he

906 1862 963 1892 has
984 1862 1051 1900 just
1067 1861 1144 1897 said,
1164 1864 1171 1878 ‘
1186 1861 1321 1891 Nullum
1336 1861 1466 1897 tamen‚'
1489 1862 1546 1891 but
1562 1873 1580 1892 a
1596 1863 1683 1902 piece

907 1905 942 1935 of
955 1905 1090 1943 senility.
1137 1904 1170 1934 If
1190 1915 1236 1934 we
1262 1905 1347 1934 leave
1362 1905 1387 1934 it
1403 1908 1469 1941 out,
1486 1915 1532 1934 we
1557 1916 1609 1935 are
1634 1916 1684 1935 re-

906 1948 1018 1978 lieved.
1062 1947 1126 1977 Yet
1160 1947 1245 1977 what
1280 1947 1399 1977 follows
1432 1949 1458 1978 is
1496 1952 1552 1978 not
1590 1949 1685 1978 much

908 1991 1076 2020 better.—‘
1090 2000 1223 2019 numero
1239 1991 1427 2029 praeliorum
1442 1989 1463 2020 :’
1495 1991 1634 2030 Pliny7,
1656 2001 1684 2021 0.

908 2035 960 2069 25,
983 2043 1074 2072 says:
1101 2036 1119 2050 ‘⁴
1133 2032 1248 2063 Caesar
1269 2033 1365 2070 signis
1389 2033 1509 2062 collatis
1531 2034 1685 2073 quinqua-

907 2077 973 2115 gies
998 2076 1166 2111 dimicavit,
1191 2075 1275 2106 solus
1299 2076 1347 2106 M.
1371 2076 1560 2106 Marcellum
1583 2080 1686 2106 trans-

907 2129 1043 2159 gressus,
1073 2119 1125 2159 qui
1158 2119 1429 2158 undequadragies
1461 2119 1686 2156 dimicaverat;

908 2173 981 2192 nam
1003 2166 1128 2202 praeter
1152 2162 1259 2191 civiles
1282 2163 1426 2192 victorias
1448 2162 1595 2192 undecies
1617 2172 1635 2193 0
1655 2166 1688 2193 et

908 2215 985 2236 xcn
1003 2206 1100 2235 millia
1122 2204 1289 2234 hominum
1313 2205 1415 2234 occisa
1444 2205 1569 2244 praeliis
1593 2205 1633 2235 ab
1649 2215 1686 2235 eo

909 2259 975 2278 non
1005 2249 1150 2288 equidem
1178 2248 1211 2277 in
1240 2248 1338 2287 gloria
1368 2248 1538 2287 posuerim,
1564 2251 1686 2278 tantam

909 2292 1005 2322 etiam
1031 2294 1170 2322 coactam
1195 2291 1325 2320 humani
1353 2291 1475 2330 generis
1501 2290 1684 2330 injuriam.''

911 2335 945 2364 If
965 2335 1145 2374 Bonaparte
1160 2334 1212 2363 did
1235 2337 1292 2363 not
1312 2344 1400 2364 come
1415 2345 1458 2374 up
1474 2337 1507 2364 to
1524 2333 1638 2365 Caesar
1653 2334 1687 2363 111

909 2378 965 2407 the
975 2378 1110 2407 number
1120 2377 1156 2407 of
1168 2377 1216 2406 his
1229 2376 1355 2413 battles,
1367 2378 1407 2407 he
1417 2377 1584 2417 destroyed
1600 2386 1687 2407 more

911 2431 1001 2457 men;
1026 2423 1060 2450 at
1080 2420 1159 2450 least
1183 2420 1223 2449 he
1249 2420 1362 2450 caused
1385 2420 1440 2450 the
1462 2420 1525 2450 loss
1545 2420 1580 2450 of
1600 2430 1687 2450 more

910 2463 975 2499 life,
992 2463 1040 2493 for
1062 2463 1185 2492 besides
1208 2463 1320 2502 killing
1342 2463 1392 2493 his
1415 2463 1553 2493 euemies
1573 2463 1613 2492 he
1632 2462 1686 2492 de-

910 2506 1045 2536 cimated
1071 2506 1119 2535 his
1143 2515 1213 2535 own
1242 2506 1355 2545 people
1381 2506 1423 2545 by
1444 2506 1606 2536 continual
1631 2505 1686 2535 de-

910 2549 1022 2579 mands
1037 2549 1085 2579 for
1100 2549 1185 2578 fresh
1201 2559 1273 2578 men
1291 2553 1324 2578 to
1340 2548 1379 2579 be
1394 2549 1559 2588 destroyed
1575 2548 1623 2578 for
1637 2548 1687 2577 his

910 2592 1017 2622 selfish
1033 2601 1195 2631 purposes.
1241 2592 1356 2622 Caesar
1372 2592 1483 2630 fought
1504 2592 1536 2621 in
1554 2591 1686 2627 Britain,

912 2635 1082 2674 Germany,
1109 2635 1220 2670 Gallia,
1248 2635 1354 2674 Spain,
1379 2635 1506 2674 Epirus,
1522 2634 1686 2673 Thessaly,

910 2678 1027 2712 Africa,
1046 2678 1138 2717 Italy,
1153 2677 1268 2716 Egypt,
1286 2678 1347 2707 and
1364 2677 1440 2707 Asia
1455 2678 1573 2707 Minor.
1618 2677 1687 2706 The

910 2721 1045 2760 rapidity
1071 2721 1106 2750 of
1130 2721 1178 2750 his
1205 2724 1400 2750 movements
1427 2721 1453 2749 is
1479 2718 1686 2758 astonishing.

911 2764 955 2793 At
983 2764 1038 2794 the
1059 2767 1329 2793 commencement
1355 2763 1391 2793 of
1417 2763 1472 2793 the
1504 2762 1583 2792 Civil
1610 2761 1688 2791 War

911 2807 1020 2837 Cicero
1042 2816 1112 2845 says
1135 2806 1171 2835 of
1191 2806 1256 2835 him
1281 2806 1314 2835 in
1343 2815 1406 2836 Rc.
1428 2807 1490 2836 49:
1515 2807 1534 2821 ‘⁴
1551 2804 1610 2833 Sed
1627 2804 1688 2834 hoc

910 2849 1008 2886 τέρας
1020 2849 1162 2878 horribili
1174 2849 1343 2888 vigilantia,
1352 2848 1518 2883 celeritate,
1526 2847 1688 2885 diligentia

911 2895 969 2922 est.
1016 2892 1112 2922 Plane
1135 2892 1211 2932 quid
1233 2891 1375 2921 futurum
1400 2891 1440 2920 sit
1459 2889 1595 2920 nescio’'
1621 2889 1686 2930 (Ad

912 2934 980 2964 Att.
998 2935 1059 2964 viii.
1077 2934 1122 2974 9).
