<?xml version="1.0" encoding="UTF-8"?>
<!DOCTYPE html PUBLIC "-//W3C//DTD XHTML 1.0 Transitional//EN"
    "http://www.w3.org/TR/xhtml1/DTD/xhtml1-transitional.dtd">
<html xmlns="http://www.w3.org/1999/xhtml" xml:lang="en" lang="en">
 <head>
  <title>
</title>
<meta http-equiv="Content-Type" content="text/html;charset=utf-8" />
  <meta name='ocr-system' content='tesseract 3.04.00' />
  <meta name='ocr-capabilities' content='ocr_page ocr_carea ocr_par ocr_line ocrx_word'/>
</head>
<body>
  <div class='ocr_page' id='page_1' title='image "./orationeswithcom04ciceuoft/orationeswithcom04ciceuoft_0122.png"; bbox 0 0 1899 3227; ppageno 0'>
   <div class='ocr_carea' id='block_1_1' title="bbox 184 180 1582 229">
    <p class='ocr_par' dir='ltr' id='par_1_1' title="bbox 184 180 1582 229">
     <span class='ocr_line' id='line_1_1' title="bbox 184 180 1582 229; baseline -0.006 0"><span class='ocrx_word' id='word_1_1' title='bbox 184 190 265 229; x_wconf 86' lang='lat'>100</span> <span class='ocrx_word' id='word_1_2' title='bbox 384 184 563 227; x_wconf 83' lang='lat' dir='ltr'><strong>ORAT.</strong></span> <span class='ocrx_word' id='word_1_3' title='bbox 594 183 676 224; x_wconf 82' lang='lat' dir='ltr'>DE</span> <span class='ocrx_word' id='word_1_4' title='bbox 711 181 1070 224; x_wconf 82' lang='lat' dir='ltr'>PROVINCIIS</span> <span class='ocrx_word' id='word_1_5' title='bbox 1104 180 1582 223; x_wconf 84' lang='lat' dir='ltr'>CONSULARIBUS</span> 
     </span>
    </p>
   </div>
   <div class='ocr_carea' id='block_1_2' title="bbox 179 292 1782 1264">
    <p class='ocr_par' dir='ltr' id='par_1_2' title="bbox 179 292 1782 1261">
     <span class='ocr_line' id='line_1_2' title="bbox 181 292 1779 356; baseline -0.006 -14"><span class='ocrx_word' id='word_1_6' title='bbox 181 300 335 356; x_wconf 88' lang='lat' dir='ltr'>partim</span> <span class='ocrx_word' id='word_1_7' title='bbox 375 299 502 341; x_wconf 90' lang='lat' dir='ltr'>etiam</span> <span class='ocrx_word' id='word_1_8' title='bbox 542 312 608 339; x_wconf 90' lang='lat' dir='ltr'>me</span> <span class='ocrx_word' id='word_1_9' title='bbox 649 298 897 339; x_wconf 74' lang='lat' dir='ltr'>defendente</span> <span class='ocrx_word' id='word_1_10' title='bbox 933 295 1085 351; x_wconf 88' lang='lat' dir='ltr'>capitis</span> <span class='ocrx_word' id='word_1_11' title='bbox 1115 294 1288 350; x_wconf 87' lang='lat' dir='ltr'>judiciis</span> <span class='ocrx_word' id='word_1_12' title='bbox 1320 298 1462 334; x_wconf 88' lang='lat' dir='ltr'>essent</span> <span class='ocrx_word' id='word_1_13' title='bbox 1493 292 1670 344; x_wconf 87' lang='lat' dir='ltr'>liberati,</span> <span class='ocrx_word' id='word_1_14' title='bbox 1707 307 1779 334; x_wconf 88' lang='lat' dir='ltr'>cur</span> 
     </span>
     <span class='ocr_line' id='line_1_3' title="bbox 181 357 1778 419; baseline -0.006 -13"><span class='ocrx_word' id='word_1_15' title='bbox 181 366 327 407; x_wconf 90' lang='lat' dir='ltr'>eadem</span> <span class='ocrx_word' id='word_1_16' title='bbox 351 380 418 405; x_wconf 88' lang='lat' dir='ltr'>res</span> <span class='ocrx_word' id='word_1_17' title='bbox 439 364 613 419; x_wconf 83' lang='lat' dir='ltr'>publica,</span> <span class='ocrx_word' id='word_1_18' title='bbox 639 377 744 417; x_wconf 88' lang='lat' dir='ltr'>quae</span> <span class='ocrx_word' id='word_1_19' title='bbox 780 376 846 402; x_wconf 90' lang='lat' dir='ltr'>me</span> <span class='ocrx_word' id='word_1_20' title='bbox 880 361 920 401; x_wconf 90' lang='lat' dir='ltr'>in</span> <span class='ocrx_word' id='word_1_21' title='bbox 951 361 1109 401; x_wconf 86' lang='lat' dir='ltr'>amicos</span> <span class='ocrx_word' id='word_1_22' title='bbox 1141 360 1397 399; x_wconf 84' lang='lat' dir='ltr'>inflammare</span> <span class='ocrx_word' id='word_1_23' title='bbox 1428 357 1578 412; x_wconf 88' lang='lat' dir='ltr'>potuit,</span> <span class='ocrx_word' id='word_1_24' title='bbox 1601 357 1778 398; x_wconf 86' lang='lat' dir='ltr'>inimicis</span> 
     </span>
     <span class='ocr_line' id='line_1_4' title="bbox 181 422 1778 486; baseline -0.007 -14"><span class='ocrx_word' id='word_1_25' title='bbox 181 432 346 486; x_wconf 84' lang='lat' dir='ltr'>placare</span> <span class='ocrx_word' id='word_1_26' title='bbox 367 445 448 470; x_wconf 91' lang='lat' dir='ltr'>non</span> <span class='ocrx_word' id='word_1_27' title='bbox 470 429 628 484; x_wconf 66' lang='lat' dir='ltr'>possit?</span> <span class='ocrx_word' id='word_1_28' title='bbox 690 427 811 479; x_wconf 79' lang='lat' dir='ltr'>Quod</span> <span class='ocrx_word' id='word_1_29' title='bbox 833 426 931 466; x_wconf 87' lang='lat' dir='ltr'>mihi</span> <span class='ocrx_word' id='word_1_30' title='bbox 955 425 1095 466; x_wconf 88' lang='lat' dir='ltr'>odium</span> <span class='ocrx_word' id='word_1_31' title='bbox 1118 439 1212 464; x_wconf 87' lang='lat' dir='ltr'>cum</span> <span class='ocrx_word' id='word_1_32' title='bbox 1232 424 1281 463; x_wconf 90' lang='lat' dir='ltr'>P.</span> <span class='ocrx_word' id='word_1_33' title='bbox 1298 422 1442 463; x_wconf 90' lang='lat' dir='ltr'>Clodio</span> <span class='ocrx_word' id='word_1_34' title='bbox 1460 422 1550 473; x_wconf 90' lang='lat' dir='ltr'>fuit,</span> <span class='ocrx_word' id='word_1_35' title='bbox 1567 422 1644 462; x_wconf 87' lang='lat' dir='ltr'>nisi</span> <span class='ocrx_word' id='word_1_36' title='bbox 1667 423 1778 476; x_wconf 89' lang='lat' dir='ltr'>quod</span> 
     </span>
     <span class='ocr_line' id='line_1_5' title="bbox 180 487 1778 551; baseline -0.007 -14"><span class='ocrx_word' id='word_1_37' title='bbox 180 496 456 551; x_wconf 87' lang='lat' dir='ltr'>perniciosum</span> <span class='ocrx_word' id='word_1_38' title='bbox 490 492 651 548; x_wconf 83' lang='lat' dir='ltr'>patriae</span> <span class='ocrx_word' id='word_1_39' title='bbox 687 491 818 531; x_wconf 88' lang='lat' dir='ltr'>civem</span> <span class='ocrx_word' id='word_1_40' title='bbox 853 490 940 530; x_wconf 88' lang='lat' dir='ltr'>fore</span> <span class='ocrx_word' id='word_1_41' title='bbox 976 490 1187 544; x_wconf 87' lang='lat' dir='ltr'>putabam,</span> <span class='ocrx_word' id='word_1_42' title='bbox 1227 487 1295 542; x_wconf 88' lang='lat' dir='ltr'>qui</span> <span class='ocrx_word' id='word_1_43' title='bbox 1331 487 1574 541; x_wconf 87' lang='lat' dir='ltr'>turpissima</span> <span class='ocrx_word' id='word_1_44' title='bbox 1608 487 1778 527; x_wconf 87' lang='lat' dir='ltr'>libidine</span> 
     </span>
     <span class='ocr_line' id='line_1_6' title="bbox 180 552 1777 625; baseline -0.007 -23"><span class='ocrx_word' id='word_1_45' title='bbox 180 562 375 602; x_wconf 86' lang='lat' dir='ltr'>incensus</span> <span class='ocrx_word' id='word_1_46' title='bbox 397 560 500 599; x_wconf 87' lang='lat' dir='ltr'>duas</span> <span class='ocrx_word' id='word_1_47' title='bbox 521 572 586 597; x_wconf 91' lang='lat' dir='ltr'>res</span> <span class='ocrx_word' id='word_1_48' title='bbox 606 555 892 596; x_wconf 88' lang='lat' dir='ltr'>sanctissimas</span> <span class='ocrx_word' id='word_1_49' title='bbox 923 554 1165 625; x_wconf 81' lang='lat' dir='ltr'>religionem</span> <span class='ocrx_word' id='word_1_50' title='bbox 1187 557 1230 593; x_wconf 91' lang='lat' dir='ltr'>et</span> <span class='ocrx_word' id='word_1_51' title='bbox 1251 552 1495 624; x_wconf 76' lang='lat' dir='ltr'>pudicitiam</span> <span class='ocrx_word' id='word_1_52' title='bbox 1517 566 1598 592; x_wconf 92' lang='lat' dir='ltr'>uno</span> <span class='ocrx_word' id='word_1_53' title='bbox 1620 552 1777 592; x_wconf 87' lang='lat' dir='ltr'>scelere</span> 
     </span>
     <span class='ocr_line' id='line_1_7' title="bbox 180 616 1778 675; baseline -0.007 -8"><span class='ocrx_word' id='word_1_54' title='bbox 180 625 402 667; x_wconf 64' lang='lat' dir='ltr'>violasset?</span> <span class='ocrx_word' id='word_1_55' title='bbox 463 623 574 662; x_wconf 91' lang='lat' dir='ltr'>Num</span> <span class='ocrx_word' id='word_1_56' title='bbox 596 626 662 661; x_wconf 89' lang='lat' dir='ltr'>est</span> <span class='ocrx_word' id='word_1_57' title='bbox 678 620 806 675; x_wconf 90' lang='lat' dir='ltr'>igitur</span> <span class='ocrx_word' id='word_1_58' title='bbox 828 619 999 659; x_wconf 89' lang='lat' dir='ltr'>dubium</span> <span class='ocrx_word' id='word_1_59' title='bbox 1021 633 1073 658; x_wconf 85' lang='lat' dir='ltr'>ex</span> <span class='ocrx_word' id='word_1_60' title='bbox 1090 617 1140 657; x_wconf 91' lang='lat' dir='ltr'>iis</span> <span class='ocrx_word' id='word_1_61' title='bbox 1161 618 1298 665; x_wconf 82' lang='lat' dir='ltr'>rebus,</span> <span class='ocrx_word' id='word_1_62' title='bbox 1316 631 1420 671; x_wconf 88' lang='lat' dir='ltr'>quas</span> <span class='ocrx_word' id='word_1_63' title='bbox 1441 616 1476 657; x_wconf 93' lang='lat' dir='ltr'>is</span> <span class='ocrx_word' id='word_1_64' title='bbox 1498 616 1587 671; x_wconf 88' lang='lat' dir='ltr'>egit</span> <span class='ocrx_word' id='word_1_65' title='bbox 1607 616 1778 671; x_wconf 84' lang='lat' dir='ltr'>agitque</span> 
     </span>
     <span class='ocr_line' id='line_1_8' title="bbox 180 681 1778 760; baseline -0.007 -29"><span class='ocrx_word' id='word_1_66' title='bbox 180 690 376 746; x_wconf 77' lang='lat' dir='ltr'>quotidie,</span> <span class='ocrx_word' id='word_1_67' title='bbox 401 688 499 744; x_wconf 90' lang='lat' dir='ltr'>quin</span> <span class='ocrx_word' id='word_1_68' title='bbox 531 701 607 760; x_wconf 82' lang='lat' dir='ltr'>ego</span> <span class='ocrx_word' id='word_1_69' title='bbox 638 686 680 726; x_wconf 93' lang='lat' dir='ltr'>in</span> <span class='ocrx_word' id='word_1_70' title='bbox 710 685 779 725; x_wconf 94' lang='lat' dir='ltr'>illo</span> <span class='ocrx_word' id='word_1_71' title='bbox 808 684 1087 739; x_wconf 83' lang='lat' dir='ltr'>oppugnando</span> <span class='ocrx_word' id='word_1_72' title='bbox 1118 682 1178 723; x_wconf 87' lang='lat' dir='ltr'>rei</span> <span class='ocrx_word' id='word_1_73' title='bbox 1200 681 1387 737; x_wconf 89' lang='lat' dir='ltr'>publicae</span> <span class='ocrx_word' id='word_1_74' title='bbox 1418 681 1511 736; x_wconf 90' lang='lat' dir='ltr'>plus</span> <span class='ocrx_word' id='word_1_75' title='bbox 1540 695 1663 736; x_wconf 86' lang='lat' dir='ltr'>quam</span> <span class='ocrx_word' id='word_1_76' title='bbox 1691 681 1778 721; x_wconf 90' lang='lat' dir='ltr'>otio</span> 
     </span>
     <span class='ocr_line' id='line_1_9' title="bbox 180 744 1780 803; baseline -0.008 -6"><span class='ocrx_word' id='word_1_77' title='bbox 180 771 285 803; x_wconf 82' lang='lat' dir='ltr'>mec,</span> <span class='ocrx_word' id='word_1_78' title='bbox 310 770 391 795; x_wconf 90' lang='lat' dir='ltr'>non</span> <span class='ocrx_word' id='word_1_79' title='bbox 422 752 523 794; x_wconf 92' lang='lat' dir='ltr'>nulli</span> <span class='ocrx_word' id='word_1_80' title='bbox 554 752 595 792; x_wconf 93' lang='lat' dir='ltr'>in</span> <span class='ocrx_word' id='word_1_81' title='bbox 627 751 773 791; x_wconf 91' lang='lat' dir='ltr'>eodem</span> <span class='ocrx_word' id='word_1_82' title='bbox 804 748 1062 789; x_wconf 88' lang='lat' dir='ltr'>defendendo</span> <span class='ocrx_word' id='word_1_83' title='bbox 1094 762 1170 788; x_wconf 91' lang='lat' dir='ltr'>suo</span> <span class='ocrx_word' id='word_1_84' title='bbox 1201 747 1294 802; x_wconf 89' lang='lat' dir='ltr'>plus</span> <span class='ocrx_word' id='word_1_85' title='bbox 1315 746 1401 787; x_wconf 92' lang='lat' dir='ltr'>otio</span> <span class='ocrx_word' id='word_1_86' title='bbox 1423 760 1549 801; x_wconf 88' lang='lat' dir='ltr'>quam</span> <span class='ocrx_word' id='word_1_87' title='bbox 1572 744 1780 786; x_wconf 90' lang='lat' dir='ltr'>communi</span> 
     </span>
     <span class='ocr_line' id='line_1_10' title="bbox 181 810 1782 876; baseline -0.007 -14"><span class='ocrx_word' id='word_1_88' title='bbox 181 819 500 876; x_wconf 69' lang='lat' dir='ltr'>prospexerint?</span> <span class='ocrx_word' id='word_1_89' title='bbox 553 817 648 872; x_wconf 89' lang='lat' dir='ltr'>Ego</span> <span class='ocrx_word' id='word_1_90' title='bbox 668 830 734 856; x_wconf 89' lang='lat' dir='ltr'>me</span> <span class='ocrx_word' id='word_1_91' title='bbox 755 829 779 855; x_wconf 92' lang='lat' dir='ltr'>a</span> <span class='ocrx_word' id='word_1_92' title='bbox 798 814 845 855; x_wconf 91' lang='lat' dir='ltr'>C.</span> <span class='ocrx_word' id='word_1_93' title='bbox 864 813 1073 855; x_wconf 81' lang='lat' dir='ltr'>Caesare</span> <span class='ocrx_word' id='word_1_94' title='bbox 1064 828 1105 853; x_wconf 89' lang='grc'>111</span> <span class='ocrx_word' id='word_1_95' title='bbox 1127 827 1172 853; x_wconf 89' lang='lat' dir='ltr'>re</span> <span class='ocrx_word' id='word_1_96' title='bbox 1193 812 1358 867; x_wconf 90' lang='lat' dir='ltr'>publica</span> <span class='ocrx_word' id='word_1_97' title='bbox 1381 810 1625 852; x_wconf 80' lang='lat' dir='ltr'>dissensisse</span> <span class='ocrx_word' id='word_1_98' title='bbox 1645 810 1782 851; x_wconf 79' lang='lat' dir='ltr'>fateor</span> 
     </span>
     <span class='ocr_line' id='line_1_11' title="bbox 182 875 1780 930; baseline -0.008 -3"><span class='ocrx_word' id='word_1_99' title='bbox 182 891 225 927; x_wconf 91' lang='lat' dir='ltr'>et</span> <span class='ocrx_word' id='word_1_100' title='bbox 245 885 424 926; x_wconf 87' lang='lat' dir='ltr'>sensisse</span> <span class='ocrx_word' id='word_1_101' title='bbox 446 880 792 928; x_wconf 76' lang='lat' dir='ltr'>vobiseun1;sed</span> <span class='ocrx_word' id='word_1_102' title='bbox 821 893 931 919; x_wconf 87' lang='lat' dir='ltr'>nunc</span> <span class='ocrx_word' id='word_1_103' title='bbox 961 878 1108 918; x_wconf 89' lang='lat' dir='ltr'>iisdem</span> <span class='ocrx_word' id='word_1_104' title='bbox 1131 877 1246 918; x_wconf 90' lang='lat' dir='ltr'>vobis</span> <span class='ocrx_word' id='word_1_105' title='bbox 1276 876 1485 918; x_wconf 88' lang='lat' dir='ltr'>assentior</span> <span class='ocrx_word' id='word_1_106' title='bbox 1505 890 1600 916; x_wconf 89' lang='lat' dir='ltr'>cum</span> <span class='ocrx_word' id='word_1_107' title='bbox 1628 875 1780 930; x_wconf 87' lang='lat' dir='ltr'>quibus</span> 
     </span>
     <span class='ocr_line' id='line_1_12' title="bbox 181 940 1780 997; baseline -0.007 -7"><span class='ocrx_word' id='word_1_108' title='bbox 181 955 307 991; x_wconf 87' lang='lat' dir='ltr'>antea</span> <span class='ocrx_word' id='word_1_109' title='bbox 328 948 572 990; x_wconf 84' lang='lat' dir='ltr'>sentiebam.</span> <span class='ocrx_word' id='word_1_110' title='bbox 635 945 727 986; x_wconf 88' lang='lat' dir='ltr'>Vos</span> <span class='ocrx_word' id='word_1_111' title='bbox 748 944 869 994; x_wconf 89' lang='lat' dir='ltr'>enim,</span> <span class='ocrx_word' id='word_1_112' title='bbox 893 944 946 983; x_wconf 88' lang='lat' dir='ltr'>ad</span> <span class='ocrx_word' id='word_1_113' title='bbox 968 957 1071 997; x_wconf 90' lang='lat' dir='ltr'>quos</span> <span class='ocrx_word' id='word_1_114' title='bbox 1091 942 1258 983; x_wconf 82' lang='lat' dir='ltr'>litteras</span> <span class='ocrx_word' id='word_1_115' title='bbox 1281 941 1329 981; x_wconf 89' lang='lat' dir='ltr'>L.</span> <span class='ocrx_word' id='word_1_116' title='bbox 1352 941 1452 981; x_wconf 91' lang='lat' dir='ltr'>Piso</span> <span class='ocrx_word' id='word_1_117' title='bbox 1476 941 1526 982; x_wconf 91' lang='lat' dir='ltr'>de</span> <span class='ocrx_word' id='word_1_118' title='bbox 1549 940 1635 981; x_wconf 90' lang='lat' dir='ltr'>suis</span> <span class='ocrx_word' id='word_1_119' title='bbox 1655 941 1780 980; x_wconf 88' lang='lat' dir='ltr'>rebus</span> 
     </span>
     <span class='ocr_line' id='line_1_13' title="bbox 181 1006 1780 1065; baseline -0.008 -9"><span class='ocrx_word' id='word_1_120' title='bbox 181 1030 264 1056; x_wconf 91' lang='lat' dir='ltr'>non</span> <span class='ocrx_word' id='word_1_121' title='bbox 294 1015 421 1054; x_wconf 90' lang='lat' dir='ltr'>audet</span> <span class='ocrx_word' id='word_1_122' title='bbox 444 1012 625 1059; x_wconf 89' lang='lat' dir='ltr'>mittere,</span> <span class='ocrx_word' id='word_1_123' title='bbox 649 1009 718 1065; x_wconf 92' lang='lat' dir='ltr'>qui</span> <span class='ocrx_word' id='word_1_124' title='bbox 751 1008 918 1049; x_wconf 86' lang='lat' dir='ltr'>Gabinii</span> <span class='ocrx_word' id='word_1_125' title='bbox 950 1008 1114 1048; x_wconf 80' lang='lat' dir='ltr'>litteras</span> <span class='ocrx_word' id='word_1_126' title='bbox 1147 1006 1298 1060; x_wconf 79' lang='lat' dir='ltr'>insigni</span> <span class='ocrx_word' id='word_1_127' title='bbox 1321 1006 1497 1060; x_wconf 89' lang='lat' dir='ltr'>quadam</span> <span class='ocrx_word' id='word_1_128' title='bbox 1522 1010 1625 1046; x_wconf 88' lang='lat' dir='ltr'>nota</span> <span class='ocrx_word' id='word_1_129' title='bbox 1651 1010 1780 1059; x_wconf 88' lang='lat' dir='ltr'>atque</span> 
     </span>
     <span class='ocr_line' id='line_1_14' title="bbox 181 1068 1778 1135; baseline -0.008 -15"><span class='ocrx_word' id='word_1_130' title='bbox 181 1078 409 1135; x_wconf 82' lang='lat' dir='ltr'>ignominia</span> <span class='ocrx_word' id='word_1_131' title='bbox 433 1091 540 1118; x_wconf 76' lang='lat' dir='ltr'>nova</span> <span class='ocrx_word' id='word_1_132' title='bbox 561 1073 885 1119; x_wconf 80' lang='lat' dir='ltr'>condemnastis,</span> <span class='ocrx_word' id='word_1_133' title='bbox 909 1072 955 1113; x_wconf 89' lang='lat' dir='ltr'>C.</span> <span class='ocrx_word' id='word_1_134' title='bbox 980 1071 1148 1112; x_wconf 81' lang='lat' dir='ltr'>Caesari</span> <span class='ocrx_word' id='word_1_135' title='bbox 1176 1070 1502 1125; x_wconf 77' lang='lat' dir='ltr'>supplicationes</span> <span class='ocrx_word' id='word_1_136' title='bbox 1523 1068 1778 1118; x_wconf 84' lang='lat' dir='ltr'>decrevistis,</span> 
     </span>
     <span class='ocr_line' id='line_1_15' title="bbox 181 1132 1780 1186; baseline -0.008 -1"><span class='ocrx_word' id='word_1_137' title='bbox 181 1158 351 1185; x_wconf 88' lang='lat' dir='ltr'>numero</span> <span class='ocrx_word' id='word_1_138' title='bbox 383 1148 431 1183; x_wconf 90' lang='lat' dir='ltr'>ut</span> <span class='ocrx_word' id='word_1_139' title='bbox 463 1140 615 1181; x_wconf 90' lang='lat' dir='ltr'>nemini</span> <span class='ocrx_word' id='word_1_140' title='bbox 649 1154 729 1180; x_wconf 90' lang='lat' dir='ltr'>uno</span> <span class='ocrx_word' id='word_1_141' title='bbox 758 1153 811 1179; x_wconf 85' lang='lat' dir='ltr'>ex</span> <span class='ocrx_word' id='word_1_142' title='bbox 838 1137 958 1186; x_wconf 89' lang='lat' dir='ltr'>bello,</span> <span class='ocrx_word' id='word_1_143' title='bbox 993 1137 1150 1176; x_wconf 91' lang='lat' dir='ltr'>honore</span> <span class='ocrx_word' id='word_1_144' title='bbox 1183 1142 1229 1175; x_wconf 82' lang='lat' dir='ltr'>ut</span> <span class='ocrx_word' id='word_1_145' title='bbox 1263 1134 1428 1175; x_wconf 88' lang='lat' dir='ltr'>omnino</span> <span class='ocrx_word' id='word_1_146' title='bbox 1464 1133 1632 1174; x_wconf 88' lang='lat' dir='ltr'>nemini.</span> <span class='ocrx_word' id='word_1_147' title='bbox 1695 1132 1780 1173; x_wconf 92' lang='lat' dir='ltr'>Cur</span> 
     </span>
     <span class='ocr_line' id='line_1_16' title="bbox 179 1198 1779 1264; baseline -0.008 -14"><span class='ocrx_word' id='word_1_148' title='bbox 179 1210 309 1264; x_wconf 88' lang='lat' dir='ltr'>igitur</span> <span class='ocrx_word' id='word_1_149' title='bbox 330 1212 571 1261; x_wconf 87' lang='lat' dir='ltr'>exspectem</span> <span class='ocrx_word' id='word_1_150' title='bbox 592 1203 801 1244; x_wconf 88' lang='lat' dir='ltr'>hominem</span> <span class='ocrx_word' id='word_1_151' title='bbox 823 1201 1003 1256; x_wconf 88' lang='lat' dir='ltr'>aliquem</span> <span class='ocrx_word' id='word_1_152' title='bbox 1025 1201 1094 1255; x_wconf 90' lang='lat' dir='ltr'>qui</span> <span class='ocrx_word' id='word_1_153' title='bbox 1115 1215 1181 1240; x_wconf 91' lang='lat' dir='ltr'>me</span> <span class='ocrx_word' id='word_1_154' title='bbox 1205 1214 1299 1240; x_wconf 86' lang='lat' dir='ltr'>cum</span> <span class='ocrx_word' id='word_1_155' title='bbox 1327 1199 1396 1239; x_wconf 94' lang='grc'><strong>1110</strong></span> <span class='ocrx_word' id='word_1_156' title='bbox 1427 1199 1469 1238; x_wconf 90' lang='lat' dir='ltr'>in</span> <span class='ocrx_word' id='word_1_157' title='bbox 1499 1198 1684 1253; x_wconf 81' lang='lat' dir='ltr'>gratiam</span> <span class='ocrx_word' id='word_1_158' title='bbox 1715 1212 1779 1238; x_wconf 92' lang='lat' dir='ltr'>re-</span> 
     </span>
    </p>
   </div>
   <div class='ocr_carea' id='block_1_3' title="bbox 179 1263 1780 1457">
    <p class='ocr_par' dir='ltr' id='par_1_3' title="bbox 179 1263 1780 1457">
     <span class='ocr_line' id='line_1_17' title="bbox 180 1263 1780 1340; baseline -0.008 -25"><span class='ocrx_word' id='word_1_159' title='bbox 180 1274 334 1315; x_wconf 70' lang='lat' dir='ltr'>ducat?</span> <span class='ocrx_word' id='word_1_160' title='bbox 395 1269 582 1312; x_wconf 87' lang='lat' dir='ltr'>Reduxit</span> <span class='ocrx_word' id='word_1_161' title='bbox 613 1269 714 1309; x_wconf 86' lang='grc' dir='ltr'>01ἀο</span> <span class='ocrx_word' id='word_1_162' title='bbox 747 1267 1025 1340; x_wconf 84' lang='lat' dir='ltr'>amplissimus</span> <span class='ocrx_word' id='word_1_163' title='bbox 1061 1271 1104 1307; x_wconf 91' lang='lat' dir='ltr'>et</span> <span class='ocrx_word' id='word_1_164' title='bbox 1137 1265 1238 1305; x_wconf 90' lang='lat' dir='ltr'>ordo</span> <span class='ocrx_word' id='word_1_165' title='bbox 1272 1265 1319 1315; x_wconf 84' lang='lat' dir='ltr'>is,</span> <span class='ocrx_word' id='word_1_166' title='bbox 1349 1264 1418 1319; x_wconf 87' lang='lat' dir='ltr'>qui</span> <span class='ocrx_word' id='word_1_167' title='bbox 1451 1273 1518 1304; x_wconf 90' lang='lat' dir='ltr'>est</span> <span class='ocrx_word' id='word_1_168' title='bbox 1549 1269 1593 1304; x_wconf 89' lang='lat' dir='ltr'>et</span> <span class='ocrx_word' id='word_1_169' title='bbox 1623 1263 1780 1319; x_wconf 89' lang='lat' dir='ltr'>publici</span> 
     </span>
     <span class='ocr_line' id='line_1_18' title="bbox 180 1328 1780 1384; baseline -0.008 -4"><span class='ocrx_word' id='word_1_170' title='bbox 180 1338 337 1380; x_wconf 91' lang='lat' dir='ltr'>consilii</span> <span class='ocrx_word' id='word_1_171' title='bbox 368 1342 412 1377; x_wconf 89' lang='lat' dir='ltr'>et</span> <span class='ocrx_word' id='word_1_172' title='bbox 435 1349 619 1376; x_wconf 89' lang='lat' dir='ltr'>meorum</span> <span class='ocrx_word' id='word_1_173' title='bbox 654 1332 838 1373; x_wconf 88' lang='lat' dir='ltr'>omnium</span> <span class='ocrx_word' id='word_1_174' title='bbox 869 1331 1136 1371; x_wconf 85' lang='lat' dir='ltr'>consiliorum</span> <span class='ocrx_word' id='word_1_175' title='bbox 1163 1335 1313 1370; x_wconf 85' lang='lat' dir='ltr'>auctor</span> <span class='ocrx_word' id='word_1_176' title='bbox 1344 1336 1387 1370; x_wconf 88' lang='lat' dir='ltr'>et</span> <span class='ocrx_word' id='word_1_177' title='bbox 1417 1328 1625 1384; x_wconf 90' lang='lat' dir='ltr'>princeps.</span> <span class='ocrx_word' id='word_1_178' title='bbox 1688 1328 1780 1369; x_wconf 90' lang='lat' dir='ltr'>Vos</span> 
     </span>
     <span class='ocr_line' id='line_1_19' title="bbox 179 1393 1778 1457; baseline -0.008 -13"><span class='ocrx_word' id='word_1_179' title='bbox 179 1416 342 1457; x_wconf 88' lang='lat' dir='ltr'>sequor,</span> <span class='ocrx_word' id='word_1_180' title='bbox 375 1404 515 1456; x_wconf 89' lang='lat' dir='ltr'>patres</span> <span class='ocrx_word' id='word_1_181' title='bbox 550 1397 786 1452; x_wconf 90' lang='lat' dir='ltr'>conscripti</span> <span class='ocrx_word' id='word_1_182' title='bbox 819 1396 938 1437; x_wconf 88' lang='lat' dir='ltr'>vobis</span> <span class='ocrx_word' id='word_1_183' title='bbox 974 1397 1229 1449; x_wconf 71' lang='lat' dir='ltr'>obtempero,</span> <span class='ocrx_word' id='word_1_184' title='bbox 1263 1393 1380 1434; x_wconf 87' lang='lat' dir='ltr'>vobis</span> <span class='ocrx_word' id='word_1_185' title='bbox 1416 1393 1650 1441; x_wconf 88' lang='lat' dir='ltr'>assenti0r;</span> <span class='ocrx_word' id='word_1_186' title='bbox 1695 1393 1778 1448; x_wconf 82' lang='lat' dir='ltr'>qui,</span> 
     </span>
    </p>
   </div>
   <div class='ocr_carea' id='block_1_4' title="bbox 177 1458 1780 1907">
    <p class='ocr_par' dir='ltr' id='par_1_4' title="bbox 178 1458 1779 1704">
     <span class='ocr_line' id='line_1_20' title="bbox 179 1458 1777 1524; baseline -0.007 -15"><span class='ocrx_word' id='word_1_187' title='bbox 179 1467 374 1524; x_wconf 88' lang='lat' dir='ltr'>quamdiu</span> <span class='ocrx_word' id='word_1_188' title='bbox 396 1466 442 1507; x_wconf 89' lang='lat' dir='ltr'>C.</span> <span class='ocrx_word' id='word_1_189' title='bbox 466 1463 658 1505; x_wconf 82' lang='lat' dir='ltr'>Caesaris</span> <span class='ocrx_word' id='word_1_190' title='bbox 679 1461 886 1503; x_wconf 89' lang='lat' dir='ltr'>consilia</span> <span class='ocrx_word' id='word_1_191' title='bbox 876 1476 918 1501; x_wconf 90' lang='lat' dir='ltr'>m</span> <span class='ocrx_word' id='word_1_192' title='bbox 940 1475 984 1501; x_wconf 88' lang='lat' dir='ltr'>re</span> <span class='ocrx_word' id='word_1_193' title='bbox 1005 1460 1170 1515; x_wconf 88' lang='lat' dir='ltr'>publica</span> <span class='ocrx_word' id='word_1_194' title='bbox 1200 1474 1283 1500; x_wconf 88' lang='lat' dir='ltr'>non</span> <span class='ocrx_word' id='word_1_195' title='bbox 1313 1459 1494 1499; x_wconf 86' lang='lat' dir='ltr'>maxime</span> <span class='ocrx_word' id='word_1_196' title='bbox 1526 1458 1777 1513; x_wconf 78' lang='lat' dir='ltr'>diligebatis,</span> 
     </span>
     <span class='ocr_line' id='line_1_21' title="bbox 178 1523 1778 1587; baseline -0.007 -13"><span class='ocrx_word' id='word_1_197' title='bbox 178 1548 245 1574; x_wconf 92' lang='lat' dir='ltr'>me</span> <span class='ocrx_word' id='word_1_198' title='bbox 284 1546 446 1587; x_wconf 90' lang='lat' dir='ltr'>quoque</span> <span class='ocrx_word' id='word_1_199' title='bbox 487 1544 581 1570; x_wconf 91' lang='lat' dir='ltr'>cum</span> <span class='ocrx_word' id='word_1_200' title='bbox 620 1528 688 1568; x_wconf 92' lang='lat' dir='ltr'>illo</span> <span class='ocrx_word' id='word_1_201' title='bbox 728 1527 866 1567; x_wconf 88' lang='lat' dir='ltr'>minus</span> <span class='ocrx_word' id='word_1_202' title='bbox 905 1526 1176 1580; x_wconf 87' lang='lat' dir='ltr'>conjunctum</span> <span class='ocrx_word' id='word_1_203' title='bbox 1215 1523 1448 1572; x_wconf 78' lang='lat' dir='ltr'>videbatis3</span> <span class='ocrx_word' id='word_1_204' title='bbox 1501 1528 1778 1578; x_wconf 87' lang='lat' dir='ltr'>posteaquam</span> 
     </span>
     <span class='ocr_line' id='line_1_22' title="bbox 178 1588 1779 1652; baseline -0.007 -13"><span class='ocrx_word' id='word_1_205' title='bbox 178 1600 303 1639; x_wconf 88' lang='lat' dir='ltr'>rebus</span> <span class='ocrx_word' id='word_1_206' title='bbox 323 1596 456 1652; x_wconf 88' lang='lat' dir='ltr'>gestis</span> <span class='ocrx_word' id='word_1_207' title='bbox 482 1599 646 1635; x_wconf 86' lang='lat' dir='ltr'>mentes</span> <span class='ocrx_word' id='word_1_208' title='bbox 668 1597 830 1633; x_wconf 86' lang='lat' dir='ltr'>vestras</span> <span class='ocrx_word' id='word_1_209' title='bbox 851 1591 1173 1644; x_wconf 87' lang='lat' dir='ltr'>voluntatesque</span> <span class='ocrx_word' id='word_1_210' title='bbox 1205 1589 1414 1638; x_wconf 83' lang='lat' dir='ltr'>mutastis,</span> <span class='ocrx_word' id='word_1_211' title='bbox 1439 1603 1503 1629; x_wconf 88' lang='lat' dir='ltr'>me</span> <span class='ocrx_word' id='word_1_212' title='bbox 1534 1603 1616 1629; x_wconf 90' lang='lat' dir='ltr'>non</span> <span class='ocrx_word' id='word_1_213' title='bbox 1644 1588 1779 1629; x_wconf 89' lang='lat' dir='ltr'>solum</span> 
     </span>
     <span class='ocr_line' id='line_1_23' title="bbox 178 1653 1654 1704; baseline -0.007 0"><span class='ocrx_word' id='word_1_214' title='bbox 178 1662 373 1704; x_wconf 85' lang='lat' dir='ltr'>comitem</span> <span class='ocrx_word' id='word_1_215' title='bbox 395 1674 485 1701; x_wconf 91' lang='lat' dir='ltr'>esse</span> <span class='ocrx_word' id='word_1_216' title='bbox 505 1658 742 1700; x_wconf 86' lang='lat' dir='ltr'>sententiae</span> <span class='ocrx_word' id='word_1_217' title='bbox 763 1662 928 1697; x_wconf 87' lang='lat' dir='ltr'>vestrae</span> <span class='ocrx_word' id='word_1_218' title='bbox 950 1655 1024 1696; x_wconf 90' lang='lat' dir='ltr'>sed</span> <span class='ocrx_word' id='word_1_219' title='bbox 1045 1654 1174 1695; x_wconf 90' lang='lat' dir='ltr'>etiam</span> <span class='ocrx_word' id='word_1_220' title='bbox 1194 1653 1456 1695; x_wconf 86' lang='lat' dir='ltr'>laudatorem</span> <span class='ocrx_word' id='word_1_221' title='bbox 1477 1653 1654 1694; x_wconf 88' lang='lat' dir='ltr'>vidistis.</span> 
     </span>
    </p>

    <p class='ocr_par' dir='ltr' id='par_1_5' title="bbox 177 1718 1780 1907">
     <span class='ocr_line' id='line_1_24' title="bbox 236 1718 1779 1779; baseline -0.006 -12"><span class='ocrx_word' id='word_1_222' title='bbox 236 1727 323 1767; x_wconf 89' lang='lat' dir='ltr'>XI.</span> <span class='ocrx_word' id='word_1_223' title='bbox 358 1726 441 1766; x_wconf 86' lang='lat' dir='ltr'>Sed</span> <span class='ocrx_word' id='word_1_224' title='bbox 463 1724 560 1779; x_wconf 92' lang='lat' dir='ltr'>quid</span> <span class='ocrx_word' id='word_1_225' title='bbox 582 1728 647 1764; x_wconf 89' lang='lat' dir='ltr'>est</span> <span class='ocrx_word' id='word_1_226' title='bbox 661 1723 771 1777; x_wconf 90' lang='lat' dir='ltr'>quod</span> <span class='ocrx_word' id='word_1_227' title='bbox 792 1722 834 1761; x_wconf 91' lang='lat' dir='ltr'>in</span> <span class='ocrx_word' id='word_1_228' title='bbox 855 1721 932 1762; x_wconf 88' lang='lat' dir='ltr'>hac</span> <span class='ocrx_word' id='word_1_229' title='bbox 954 1734 1102 1760; x_wconf 84' lang='lat' dir='ltr'>caussa</span> <span class='ocrx_word' id='word_1_230' title='bbox 1119 1718 1298 1759; x_wconf 83' lang='lat' dir='ltr'>maxime</span> <span class='ocrx_word' id='word_1_231' title='bbox 1315 1718 1503 1759; x_wconf 90' lang='lat' dir='ltr'>homines</span> <span class='ocrx_word' id='word_1_232' title='bbox 1519 1718 1779 1758; x_wconf 89' lang='lat' dir='ltr'>admirentur</span> 
     </span>
     <span class='ocr_line' id='line_1_25' title="bbox 177 1782 1780 1846; baseline -0.006 -14"><span class='ocrx_word' id='word_1_233' title='bbox 177 1798 221 1833; x_wconf 88' lang='lat' dir='ltr'>et</span> <span class='ocrx_word' id='word_1_234' title='bbox 255 1790 562 1846; x_wconf 87' lang='lat' dir='ltr'>reprehendant</span> <span class='ocrx_word' id='word_1_235' title='bbox 602 1802 739 1828; x_wconf 90' lang='lat' dir='ltr'>meum</span> <span class='ocrx_word' id='word_1_236' title='bbox 780 1785 1011 1835; x_wconf 84' lang='lat' dir='ltr'>consilium,</span> <span class='ocrx_word' id='word_1_237' title='bbox 1050 1798 1177 1839; x_wconf 89' lang='lat' dir='ltr'>quum</span> <span class='ocrx_word' id='word_1_238' title='bbox 1218 1798 1296 1837; x_wconf 89' lang='lat' dir='ltr'>ego</span> <span class='ocrx_word' id='word_1_239' title='bbox 1332 1783 1442 1823; x_wconf 89' lang='lat' dir='ltr'>idem</span> <span class='ocrx_word' id='word_1_240' title='bbox 1481 1787 1607 1823; x_wconf 88' lang='lat' dir='ltr'>antea</span> <span class='ocrx_word' id='word_1_241' title='bbox 1647 1782 1780 1823; x_wconf 89' lang='lat' dir='ltr'>multa</span> 
     </span>
     <span class='ocr_line' id='line_1_26' title="bbox 179 1847 1778 1907; baseline -0.007 -9"><span class='ocrx_word' id='word_1_242' title='bbox 179 1855 446 1903; x_wconf 86' lang='lat' dir='ltr'>decreverim,</span> <span class='ocrx_word' id='word_1_243' title='bbox 463 1867 568 1907; x_wconf 89' lang='lat' dir='ltr'>quae</span> <span class='ocrx_word' id='word_1_244' title='bbox 587 1852 720 1905; x_wconf 86' lang='lat' dir='ltr'>magis</span> <span class='ocrx_word' id='word_1_245' title='bbox 741 1852 794 1891; x_wconf 91' lang='lat' dir='ltr'>ad</span> <span class='ocrx_word' id='word_1_246' title='bbox 816 1849 994 1891; x_wconf 88' lang='lat' dir='ltr'>hominis</span> <span class='ocrx_word' id='word_1_247' title='bbox 1016 1848 1266 1903; x_wconf 89' lang='lat' dir='ltr'>dignitatem</span> <span class='ocrx_word' id='word_1_248' title='bbox 1283 1862 1406 1902; x_wconf 90' lang='lat' dir='ltr'>quam</span> <span class='ocrx_word' id='word_1_249' title='bbox 1428 1848 1481 1888; x_wconf 89' lang='lat' dir='ltr'>ad</span> <span class='ocrx_word' id='word_1_250' title='bbox 1503 1847 1564 1888; x_wconf 92' lang='lat' dir='ltr'>rei</span> <span class='ocrx_word' id='word_1_251' title='bbox 1586 1847 1778 1902; x_wconf 91' lang='lat' dir='ltr'>publicae</span> 
     </span>
    </p>
   </div>
   <div class='ocr_carea' id='block_1_5' title="bbox 999 1936 1777 1976">
    <p class='ocr_par' dir='ltr' id='par_1_6' title="bbox 999 1936 1777 1976">
     <span class='ocr_line' id='line_1_27' title="bbox 999 1936 1777 1976; baseline -0.003 -8"><span class='ocrx_word' id='word_1_252' title='bbox 999 1938 1070 1968; x_wconf 86' lang='lat' dir='ltr'>that</span> <span class='ocrx_word' id='word_1_253' title='bbox 1085 1938 1125 1967; x_wconf 88' lang='lat' dir='ltr'>he</span> <span class='ocrx_word' id='word_1_254' title='bbox 1141 1937 1261 1967; x_wconf 85' lang='lat' dir='ltr'>alludes</span> <span class='ocrx_word' id='word_1_255' title='bbox 1277 1940 1310 1966; x_wconf 91' lang='lat' dir='ltr'>to</span> <span class='ocrx_word' id='word_1_256' title='bbox 1326 1937 1374 1967; x_wconf 90' lang='lat' dir='ltr'>M.</span> <span class='ocrx_word' id='word_1_257' title='bbox 1393 1937 1482 1973; x_wconf 85' lang='lat' dir='ltr'>Cato,</span> <span class='ocrx_word' id='word_1_258' title='bbox 1496 1937 1579 1973; x_wconf 85' lang='lat' dir='ltr'>who,</span> <span class='ocrx_word' id='word_1_259' title='bbox 1591 1936 1713 1976; x_wconf 89' lang='lat' dir='ltr'>though</span> <span class='ocrx_word' id='word_1_260' title='bbox 1735 1947 1777 1966; x_wconf 91' lang='lat' dir='ltr'>no</span> 
     </span>
    </p>
   </div>
   <div class='ocr_carea' id='block_1_6' title="bbox 179 1931 1780 2016">
    <p class='ocr_par' dir='ltr' id='par_1_7' title="bbox 179 1931 1780 2016">
     <span class='ocr_line' id='line_1_28' title="bbox 179 1931 952 1983; baseline -0.006 -10"><span class='ocrx_word' id='word_1_261' title='bbox 179 1931 187 1942; x_wconf 62' lang='lat'>⁸</span> <span class='ocrx_word' id='word_1_262' title='bbox 203 1943 287 1983; x_wconf 89' lang='lat' dir='ltr'>quod</span> <span class='ocrx_word' id='word_1_263' title='bbox 303 1942 342 1972; x_wconf 88' lang='lat' dir='ltr'>ad</span> <span class='ocrx_word' id='word_1_264' title='bbox 356 1941 363 1955; x_wconf 88' lang='lat'><em>’</em></span> <span class='ocrx_word' id='word_1_265' title='bbox 389 1944 474 1971; x_wconf 83' lang='lat' dir='ltr'>must</span> <span class='ocrx_word' id='word_1_266' title='bbox 489 1941 528 1971; x_wconf 90' lang='lat' dir='ltr'>be</span> <span class='ocrx_word' id='word_1_267' title='bbox 544 1940 688 1980; x_wconf 83' lang='lat' dir='ltr'>supplied</span> <span class='ocrx_word' id='word_1_268' title='bbox 703 1939 779 1969; x_wconf 80' lang='lat' dir='ltr'>with</span> <span class='ocrx_word' id='word_1_269' title='bbox 796 1942 803 1956; x_wconf 86' lang='lat'>‘</span> <span class='ocrx_word' id='word_1_270' title='bbox 816 1938 952 1979; x_wconf 81' lang='lat' dir='ltr'>partim.&#39;</span> 
     </span>
     <span class='ocr_line' id='line_1_29' title="bbox 1000 1980 1780 2016; baseline -0.001 -6"><span class='ocrx_word' id='word_1_271' title='bbox 1000 1981 1101 2010; x_wconf 85' lang='lat' dir='ltr'>friend</span> <span class='ocrx_word' id='word_1_272' title='bbox 1127 1984 1159 2010; x_wconf 93' lang='lat' dir='ltr'>to</span> <span class='ocrx_word' id='word_1_273' title='bbox 1192 1980 1225 2010; x_wconf 89' lang='lat' dir='ltr'>P.</span> <span class='ocrx_word' id='word_1_274' title='bbox 1249 1980 1389 2016; x_wconf 90' lang='lat' dir='ltr'>Clodius,</span> <span class='ocrx_word' id='word_1_275' title='bbox 1415 1980 1608 2010; x_wconf 78' lang='lat' dir='ltr'>maintained</span> <span class='ocrx_word' id='word_1_276' title='bbox 1628 1980 1683 2009; x_wconf 85' lang='lat' dir='ltr'>the</span> <span class='ocrx_word' id='word_1_277' title='bbox 1713 1982 1780 2009; x_wconf 86' lang='lat' dir='ltr'>acts</span> 
     </span>
    </p>
   </div>
   <div class='ocr_carea' id='block_1_7' title="bbox 181 1983 954 2019">
    <p class='ocr_par' dir='ltr' id='par_1_8' title="bbox 181 1983 954 2019">
     <span class='ocr_line' id='line_1_30' title="bbox 181 1983 954 2019; baseline -0.005 -4"><span class='ocrx_word' id='word_1_278' title='bbox 181 1986 196 2016; x_wconf 96' lang='lat' dir='ltr'>I</span> <span class='ocrx_word' id='word_1_279' title='bbox 213 1986 305 2016; x_wconf 88' lang='lat' dir='ltr'>think</span> <span class='ocrx_word' id='word_1_280' title='bbox 322 1988 387 2015; x_wconf 90' lang='lat' dir='ltr'>not.</span> <span class='ocrx_word' id='word_1_281' title='bbox 446 1984 503 2014; x_wconf 86' lang='lat' dir='ltr'>See</span> <span class='ocrx_word' id='word_1_282' title='bbox 527 1984 585 2013; x_wconf 89' lang='lat' dir='ltr'>Pro</span> <span class='ocrx_word' id='word_1_283' title='bbox 603 1983 743 2019; x_wconf 85' lang='lat' dir='ltr'>Fonteio,</span> <span class='ocrx_word' id='word_1_284' title='bbox 762 1992 787 2012; x_wconf 89' lang='lat' dir='ltr'>c.</span> <span class='ocrx_word' id='word_1_285' title='bbox 808 1984 846 2012; x_wconf 80' lang='lat'>12</span> <span class='ocrx_word' id='word_1_286' title='bbox 869 1985 954 2017; x_wconf 83' lang='lat' dir='ltr'>note,</span> 
     </span>
    </p>
   </div>
   <div class='ocr_carea' id='block_1_8' title="bbox 175 2024 962 2961">
    <p class='ocr_par' dir='ltr' id='par_1_9' title="bbox 175 2024 957 2446">
     <span class='ocr_line' id='line_1_31' title="bbox 180 2024 955 2065; baseline -0.004 -8"><span class='ocrx_word' id='word_1_287' title='bbox 180 2029 252 2059; x_wconf 84' lang='lat' dir='ltr'>Vol.</span> <span class='ocrx_word' id='word_1_288' title='bbox 270 2029 314 2064; x_wconf 88' lang='lat' dir='ltr'>ii.,</span> <span class='ocrx_word' id='word_1_289' title='bbox 331 2029 364 2058; x_wconf 88' lang='lat' dir='ltr'>in</span> <span class='ocrx_word' id='word_1_290' title='bbox 375 2027 475 2056; x_wconf 86' lang='lat' dir='ltr'>which</span> <span class='ocrx_word' id='word_1_291' title='bbox 491 2030 565 2056; x_wconf 89' lang='lat' dir='ltr'>note</span> <span class='ocrx_word' id='word_1_292' title='bbox 590 2026 710 2056; x_wconf 84' lang='lat' dir='ltr'>Gellius</span> <span class='ocrx_word' id='word_1_293' title='bbox 731 2024 775 2065; x_wconf 87' lang='lat' dir='ltr'>(x.</span> <span class='ocrx_word' id='word_1_294' title='bbox 797 2024 849 2065; x_wconf 87' lang='lat'>13)</span> <span class='ocrx_word' id='word_1_295' title='bbox 866 2025 892 2055; x_wconf 92' lang='lat' dir='ltr'>is</span> <span class='ocrx_word' id='word_1_296' title='bbox 908 2035 955 2054; x_wconf 89' lang='lat' dir='ltr'>re-</span> 
     </span>
     <span class='ocr_line' id='line_1_32' title="bbox 180 2069 956 2109; baseline -0.005 -8"><span class='ocrx_word' id='word_1_297' title='bbox 180 2072 282 2101; x_wconf 87' lang='lat' dir='ltr'>ferred</span> <span class='ocrx_word' id='word_1_298' title='bbox 299 2075 343 2101; x_wconf 90' lang='lat' dir='ltr'>to.</span> <span class='ocrx_word' id='word_1_299' title='bbox 383 2070 502 2100; x_wconf 87' lang='lat' dir='ltr'>Gellius</span> <span class='ocrx_word' id='word_1_300' title='bbox 515 2079 596 2109; x_wconf 85' lang='lat' dir='ltr'>says,</span> <span class='ocrx_word' id='word_1_301' title='bbox 609 2072 627 2085; x_wconf 79' lang='lat'>‘⁴</span> <span class='ocrx_word' id='word_1_302' title='bbox 642 2070 772 2098; x_wconf 76' lang='lat' dir='ltr'>Partim</span> <span class='ocrx_word' id='word_1_303' title='bbox 794 2069 956 2097; x_wconf 73' lang='lat' dir='ltr'>hominum</span> 
     </span>
     <span class='ocr_line' id='line_1_33' title="bbox 181 2111 957 2153; baseline -0.006 -9"><span class='ocrx_word' id='word_1_304' title='bbox 181 2117 343 2148; x_wconf 72' lang='lat' dir='ltr'>venerunt,</span> <span class='ocrx_word' id='word_1_305' title='bbox 361 2113 549 2153; x_wconf 88' lang='lat' dir='ltr'>plerumque</span> <span class='ocrx_word' id='word_1_306' title='bbox 568 2112 683 2141; x_wconf 83' lang='lat' dir='ltr'>dicitur</span> <span class='ocrx_word' id='word_1_307' title='bbox 701 2111 785 2150; x_wconf 87' lang='lat' dir='ltr'>quod</span> <span class='ocrx_word' id='word_1_308' title='bbox 801 2111 957 2150; x_wconf 81' lang='lat' dir='ltr'>significat</span> 
     </span>
     <span class='ocr_line' id='line_1_34' title="bbox 175 2155 954 2197; baseline -0.007 -10"><span class='ocrx_word' id='word_1_309' title='bbox 175 2168 256 2197; x_wconf 81' lang='lat' dir='ltr'>pars</span> <span class='ocrx_word' id='word_1_310' title='bbox 267 2158 428 2186; x_wconf 71' lang='lat' dir='ltr'>hominum</span> <span class='ocrx_word' id='word_1_311' title='bbox 441 2157 536 2191; x_wconf 74' lang='lat' dir='ltr'>venit,</span> <span class='ocrx_word' id='word_1_312' title='bbox 549 2155 579 2184; x_wconf 92' lang='lat' dir='ltr'>id</span> <span class='ocrx_word' id='word_1_313' title='bbox 590 2158 646 2190; x_wconf 85' lang='lat' dir='ltr'>est,</span> <span class='ocrx_word' id='word_1_314' title='bbox 656 2155 784 2194; x_wconf 82' lang='lat' dir='ltr'>quidam</span> <span class='ocrx_word' id='word_1_315' title='bbox 798 2155 954 2186; x_wconf 69' lang='lat' dir='ltr'>homines,-</span> 
     </span>
     <span class='ocr_line' id='line_1_35' title="bbox 182 2196 955 2238; baseline -0.007 -8"><span class='ocrx_word' id='word_1_316' title='bbox 182 2210 255 2230; x_wconf 88' lang='lat' dir='ltr'>nam</span> <span class='ocrx_word' id='word_1_317' title='bbox 280 2201 404 2238; x_wconf 79' lang='lat' dir='ltr'>parlim</span> <span class='ocrx_word' id='word_1_318' title='bbox 434 2198 494 2228; x_wconf 89' lang='lat' dir='ltr'>hoc</span> <span class='ocrx_word' id='word_1_319' title='bbox 518 2198 549 2227; x_wconf 89' lang='grc'>111</span> <span class='ocrx_word' id='word_1_320' title='bbox 579 2198 647 2227; x_wconf 87' lang='lat' dir='ltr'>loco</span> <span class='ocrx_word' id='word_1_321' title='bbox 684 2196 867 2227; x_wconf 86' lang='lat' dir='ltr'>adverbium</span> <span class='ocrx_word' id='word_1_322' title='bbox 897 2199 955 2232; x_wconf 86' lang='lat' dir='ltr'>est,</span> 
     </span>
     <span class='ocr_line' id='line_1_36' title="bbox 182 2240 957 2282; baseline -0.005 -10"><span class='ocrx_word' id='word_1_323' title='bbox 182 2252 284 2282; x_wconf 88' lang='lat' dir='ltr'>neque</span> <span class='ocrx_word' id='word_1_324' title='bbox 299 2242 332 2272; x_wconf 91' lang='lat' dir='ltr'>in</span> <span class='ocrx_word' id='word_1_325' title='bbox 345 2251 433 2271; x_wconf 88' lang='lat' dir='ltr'>casus</span> <span class='ocrx_word' id='word_1_326' title='bbox 448 2241 626 2276; x_wconf 81' lang='lat' dir='ltr'>inclinatur,</span> <span class='ocrx_word' id='word_1_327' title='bbox 640 2240 730 2269; x_wconf 79' lang='lat' dir='ltr'>sicuti</span> <span class='ocrx_word' id='word_1_328' title='bbox 750 2249 821 2269; x_wconf 77' lang='lat' dir='ltr'>cum</span> <span class='ocrx_word' id='word_1_329' title='bbox 832 2249 897 2277; x_wconf 69' lang='lat' dir='ltr'>par</span> <span class='ocrx_word' id='word_1_330' title='bbox 900 2240 957 2268; x_wconf 74' lang='lat' dir='ltr'>tim</span> 
     </span>
     <span class='ocr_line' id='line_1_37' title="bbox 183 2282 956 2323; baseline -0.005 -9"><span class='ocrx_word' id='word_1_331' title='bbox 183 2285 245 2316; x_wconf 85' lang='lat' dir='ltr'>dici</span> <span class='ocrx_word' id='word_1_332' title='bbox 261 2287 374 2323; x_wconf 81' lang='lat' dir='ltr'>potest,</span> <span class='ocrx_word' id='word_1_333' title='bbox 390 2284 422 2313; x_wconf 89' lang='lat' dir='ltr'>id</span> <span class='ocrx_word' id='word_1_334' title='bbox 438 2286 494 2319; x_wconf 87' lang='lat' dir='ltr'>est,</span> <span class='ocrx_word' id='word_1_335' title='bbox 513 2293 584 2313; x_wconf 79' lang='lat' dir='ltr'>cum</span> <span class='ocrx_word' id='word_1_336' title='bbox 605 2282 793 2322; x_wconf 74' lang='lat' dir='ltr'>quibusdam</span> <span class='ocrx_word' id='word_1_337' title='bbox 821 2283 956 2311; x_wconf 78' lang='lat' dir='ltr'>homini-</span> 
     </span>
     <span class='ocr_line' id='line_1_38' title="bbox 184 2324 956 2364; baseline -0.005 -7"><span class='ocrx_word' id='word_1_338' title='bbox 184 2327 275 2358; x_wconf 78' lang='lat' dir='ltr'>bus.&#39;&#39;</span> <span class='ocrx_word' id='word_1_339' title='bbox 323 2327 363 2356; x_wconf 87' lang='lat' dir='ltr'>In</span> <span class='ocrx_word' id='word_1_340' title='bbox 393 2326 456 2356; x_wconf 89' lang='lat' dir='ltr'>this</span> <span class='ocrx_word' id='word_1_341' title='bbox 483 2335 612 2364; x_wconf 84' lang='lat' dir='ltr'>passage</span> <span class='ocrx_word' id='word_1_342' title='bbox 644 2325 679 2354; x_wconf 87' lang='lat' dir='ltr'>of</span> <span class='ocrx_word' id='word_1_343' title='bbox 706 2324 827 2360; x_wconf 87' lang='lat' dir='ltr'>Cicero,</span> <span class='ocrx_word' id='word_1_344' title='bbox 860 2324 956 2353; x_wconf 89' lang='lat' dir='ltr'>Halm</span> 
     </span>
     <span class='ocr_line' id='line_1_39' title="bbox 183 2367 957 2409; baseline -0.004 -10"><span class='ocrx_word' id='word_1_345' title='bbox 183 2372 325 2409; x_wconf 86' lang='lat' dir='ltr'>suspects</span> <span class='ocrx_word' id='word_1_346' title='bbox 348 2369 418 2399; x_wconf 83' lang='lat' dir='ltr'>that</span> <span class='ocrx_word' id='word_1_347' title='bbox 444 2368 523 2399; x_wconf 86' lang='lat' dir='ltr'>after</span> <span class='ocrx_word' id='word_1_348' title='bbox 544 2372 551 2384; x_wconf 87' lang='lat'>‘</span> <span class='ocrx_word' id='word_1_349' title='bbox 565 2367 750 2399; x_wconf 82' lang='lat' dir='ltr'>familiares’</span> <span class='ocrx_word' id='word_1_350' title='bbox 787 2367 842 2397; x_wconf 85' lang='lat' dir='ltr'>the</span> <span class='ocrx_word' id='word_1_351' title='bbox 872 2367 957 2397; x_wconf 88' lang='lat' dir='ltr'>word</span> 
     </span>
     <span class='ocr_line' id='line_1_40' title="bbox 184 2411 887 2446; baseline -0.006 -4"><span class='ocrx_word' id='word_1_352' title='bbox 184 2416 192 2430; x_wconf 88' lang='lat'>‘</span> <span class='ocrx_word' id='word_1_353' title='bbox 203 2415 308 2442; x_wconf 85' lang='lat' dir='ltr'>essent</span> <span class='ocrx_word' id='word_1_354' title='bbox 319 2412 325 2424; x_wconf 89' lang='lat'>’</span> <span class='ocrx_word' id='word_1_355' title='bbox 339 2411 395 2441; x_wconf 88' lang='lat' dir='ltr'>has</span> <span class='ocrx_word' id='word_1_356' title='bbox 408 2411 488 2441; x_wconf 90' lang='lat' dir='ltr'>been</span> <span class='ocrx_word' id='word_1_357' title='bbox 503 2411 564 2440; x_wconf 87' lang='lat' dir='ltr'>lost</span> <span class='ocrx_word' id='word_1_358' title='bbox 578 2422 584 2446; x_wconf 82' lang='lat'><strong>;</strong></span> <span class='ocrx_word' id='word_1_359' title='bbox 608 2411 670 2440; x_wconf 87' lang='lat' dir='ltr'>and</span> <span class='ocrx_word' id='word_1_360' title='bbox 685 2411 710 2439; x_wconf 84' lang='lat' dir='ltr'>it</span> <span class='ocrx_word' id='word_1_361' title='bbox 726 2419 827 2442; x_wconf 84' lang='lat' dir='ltr'>seems</span> <span class='ocrx_word' id='word_1_362' title='bbox 843 2419 887 2439; x_wconf 89' lang='grc' dir='ltr'><strong>5ο.</strong></span> 
     </span>
    </p>

    <p class='ocr_par' dir='ltr' id='par_1_10' title="bbox 183 2453 593 2527">
     <span class='ocr_line' id='line_1_41' title="bbox 227 2453 593 2492; baseline -0.003 -8"><span class='ocrx_word' id='word_1_363' title='bbox 227 2465 275 2484; x_wconf 88' lang='lat' dir='ltr'>me</span> <span class='ocrx_word' id='word_1_364' title='bbox 302 2454 488 2492; x_wconf 77' lang='lat' dir='ltr'>defendente</span> <span class='ocrx_word' id='word_1_365' title='bbox 519 2453 593 2492; x_wconf 55' lang='grc' dir='ltr'>ἐτη]</span> 
     </span>
     <span class='ocr_line' id='line_1_42' title="bbox 183 2496 531 2527; baseline -0.006 0"><span class='ocrx_word' id='word_1_366' title='bbox 183 2498 286 2527; x_wconf 82' lang='lat' dir='ltr'>whom</span> <span class='ocrx_word' id='word_1_367' title='bbox 303 2497 342 2526; x_wconf 91' lang='lat' dir='ltr'>he</span> <span class='ocrx_word' id='word_1_368' title='bbox 357 2496 476 2525; x_wconf 86' lang='lat' dir='ltr'>alludes</span> <span class='ocrx_word' id='word_1_369' title='bbox 488 2499 531 2525; x_wconf 85' lang='lat' dir='ltr'>to.</span> 
     </span>
    </p>

    <p class='ocr_par' dir='ltr' id='par_1_11' title="bbox 183 2537 961 2919">
     <span class='ocr_line' id='line_1_43' title="bbox 228 2537 956 2578; baseline -0.004 -9"><span class='ocrx_word' id='word_1_370' title='bbox 228 2540 413 2578; x_wconf 69' lang='lat' dir='ltr'>reliqionem</span> <span class='ocrx_word' id='word_1_371' title='bbox 430 2541 459 2568; x_wconf 84' lang='lat' dir='ltr'>et</span> <span class='ocrx_word' id='word_1_372' title='bbox 471 2537 682 2578; x_wconf 79' lang='lat' dir='ltr'>pudicitiam]</span> <span class='ocrx_word' id='word_1_373' title='bbox 708 2537 776 2567; x_wconf 87' lang='lat' dir='ltr'>The</span> <span class='ocrx_word' id='word_1_374' title='bbox 792 2537 956 2567; x_wconf 83' lang='lat' dir='ltr'>notorious</span> 
     </span>
     <span class='ocr_line' id='line_1_44' title="bbox 184 2579 956 2616; baseline -0.005 -4"><span class='ocrx_word' id='word_1_375' title='bbox 184 2583 272 2612; x_wconf 85' lang='lat' dir='ltr'>affair</span> <span class='ocrx_word' id='word_1_376' title='bbox 301 2582 336 2611; x_wconf 90' lang='lat' dir='ltr'>of</span> <span class='ocrx_word' id='word_1_377' title='bbox 359 2581 412 2610; x_wconf 84' lang='lat' dir='ltr'>the</span> <span class='ocrx_word' id='word_1_378' title='bbox 439 2581 528 2611; x_wconf 87' lang='lat' dir='ltr'>Bona</span> <span class='ocrx_word' id='word_1_379' title='bbox 555 2580 633 2616; x_wconf 89' lang='lat' dir='ltr'>Dea,</span> <span class='ocrx_word' id='word_1_380' title='bbox 660 2584 694 2609; x_wconf 86' lang='lat' dir='ltr'>to</span> <span class='ocrx_word' id='word_1_381' title='bbox 718 2580 823 2610; x_wconf 85' lang='lat' dir='ltr'>whose</span> <span class='ocrx_word' id='word_1_382' title='bbox 850 2579 956 2609; x_wconf 88' lang='lat' dir='ltr'>sacred</span> 
     </span>
     <span class='ocr_line' id='line_1_45' title="bbox 183 2622 959 2662; baseline -0.006 -6"><span class='ocrx_word' id='word_1_383' title='bbox 183 2626 258 2657; x_wconf 83' lang='lat' dir='ltr'>rites</span> <span class='ocrx_word' id='word_1_384' title='bbox 283 2624 412 2654; x_wconf 86' lang='lat' dir='ltr'>Clodius</span> <span class='ocrx_word' id='word_1_385' title='bbox 435 2627 489 2662; x_wconf 84' lang='lat' dir='ltr'>got</span> <span class='ocrx_word' id='word_1_386' title='bbox 515 2623 685 2653; x_wconf 85' lang='lat' dir='ltr'>admission</span> <span class='ocrx_word' id='word_1_387' title='bbox 705 2623 738 2651; x_wconf 91' lang='lat' dir='ltr'>in</span> <span class='ocrx_word' id='word_1_388' title='bbox 765 2633 783 2652; x_wconf 88' lang='lat' dir='ltr'>a</span> <span class='ocrx_word' id='word_1_389' title='bbox 807 2622 959 2652; x_wconf 86' lang='lat' dir='ltr'>woman&#39;s</span> 
     </span>
     <span class='ocr_line' id='line_1_46' title="bbox 184 2664 959 2699; baseline -0.006 -1"><span class='ocrx_word' id='word_1_390' title='bbox 184 2669 282 2699; x_wconf 84' lang='lat' dir='ltr'>dress.</span> <span class='ocrx_word' id='word_1_391' title='bbox 338 2667 407 2696; x_wconf 89' lang='lat' dir='ltr'>The</span> <span class='ocrx_word' id='word_1_392' title='bbox 434 2669 539 2694; x_wconf 86' lang='lat' dir='ltr'>senate</span> <span class='ocrx_word' id='word_1_393' title='bbox 564 2665 705 2695; x_wconf 83' lang='lat' dir='ltr'>declared</span> <span class='ocrx_word' id='word_1_394' title='bbox 735 2665 805 2694; x_wconf 85' lang='lat' dir='ltr'>that</span> <span class='ocrx_word' id='word_1_395' title='bbox 832 2665 871 2695; x_wconf 84' lang='lat' dir='ltr'>he</span> <span class='ocrx_word' id='word_1_396' title='bbox 899 2664 959 2694; x_wconf 88' lang='lat' dir='ltr'>had</span> 
     </span>
     <span class='ocr_line' id='line_1_47' title="bbox 183 2706 960 2746; baseline -0.006 -6"><span class='ocrx_word' id='word_1_397' title='bbox 183 2709 366 2740; x_wconf 83' lang='lat' dir='ltr'>committed</span> <span class='ocrx_word' id='word_1_398' title='bbox 378 2719 417 2740; x_wconf 90' lang='lat' dir='ltr'>an</span> <span class='ocrx_word' id='word_1_399' title='bbox 430 2708 550 2738; x_wconf 82' lang='lat' dir='ltr'>offence</span> <span class='ocrx_word' id='word_1_400' title='bbox 560 2708 679 2745; x_wconf 86' lang='lat' dir='ltr'>against</span> <span class='ocrx_word' id='word_1_401' title='bbox 691 2707 820 2746; x_wconf 83' lang='lat' dir='ltr'>religion</span> <span class='ocrx_word' id='word_1_402' title='bbox 839 2706 861 2746; x_wconf 78' lang='lat'>(⁴</span> <span class='ocrx_word' id='word_1_403' title='bbox 874 2707 960 2738; x_wconf 86' lang='lat' dir='ltr'>nefas</span> 
     </span>
     <span class='ocr_line' id='line_1_48' title="bbox 184 2749 961 2787; baseline -0.006 -4"><span class='ocrx_word' id='word_1_404' title='bbox 184 2763 252 2783; x_wconf 89' lang='lat' dir='ltr'>esse</span> <span class='ocrx_word' id='word_1_405' title='bbox 267 2750 450 2786; x_wconf 81' lang='lat' dir='ltr'>decretum,’</span> <span class='ocrx_word' id='word_1_406' title='bbox 468 2750 518 2779; x_wconf 91' lang='lat' dir='ltr'>Ad</span> <span class='ocrx_word' id='word_1_407' title='bbox 539 2750 606 2779; x_wconf 86' lang='lat' dir='ltr'>Att.</span> <span class='ocrx_word' id='word_1_408' title='bbox 629 2750 649 2778; x_wconf 90' lang='lat' dir='ltr'>i.</span> <span class='ocrx_word' id='word_1_409' title='bbox 670 2749 742 2787; x_wconf 87' lang='lat'><strong>13);</strong></span> <span class='ocrx_word' id='word_1_410' title='bbox 768 2749 829 2778; x_wconf 92' lang='lat' dir='ltr'>and</span> <span class='ocrx_word' id='word_1_411' title='bbox 846 2749 961 2779; x_wconf 87' lang='lat' dir='ltr'>Caesar</span> 
     </span>
     <span class='ocr_line' id='line_1_49' title="bbox 184 2791 958 2830; baseline -0.006 -5"><span class='ocrx_word' id='word_1_412' title='bbox 184 2794 330 2827; x_wconf 74' lang='lat' dir='ltr'>divor-ced</span> <span class='ocrx_word' id='word_1_413' title='bbox 365 2794 414 2823; x_wconf 89' lang='lat' dir='ltr'>his</span> <span class='ocrx_word' id='word_1_414' title='bbox 450 2792 519 2822; x_wconf 85' lang='lat' dir='ltr'>wife</span> <span class='ocrx_word' id='word_1_415' title='bbox 558 2791 706 2830; x_wconf 88' lang='lat' dir='ltr'>Pompeia</span> <span class='ocrx_word' id='word_1_416' title='bbox 743 2792 818 2821; x_wconf 81' lang='lat' dir='ltr'>with</span> <span class='ocrx_word' id='word_1_417' title='bbox 856 2792 958 2822; x_wconf 84' lang='lat' dir='ltr'>whom</span> 
     </span>
     <span class='ocr_line' id='line_1_50' title="bbox 185 2833 959 2875; baseline -0.005 -7"><span class='ocrx_word' id='word_1_418' title='bbox 185 2838 313 2869; x_wconf 85' lang='lat' dir='ltr'>Clodius</span> <span class='ocrx_word' id='word_1_419' title='bbox 337 2847 399 2866; x_wconf 85' lang='lat' dir='ltr'>was</span> <span class='ocrx_word' id='word_1_420' title='bbox 423 2834 581 2875; x_wconf 86' lang='lat' dir='ltr'>supposed</span> <span class='ocrx_word' id='word_1_421' title='bbox 607 2844 642 2863; x_wconf 89' lang='lat' dir='ltr'>or</span> <span class='ocrx_word' id='word_1_422' title='bbox 667 2833 732 2864; x_wconf 88' lang='lat' dir='ltr'>said</span> <span class='ocrx_word' id='word_1_423' title='bbox 756 2837 789 2862; x_wconf 86' lang='lat' dir='ltr'>to</span> <span class='ocrx_word' id='word_1_424' title='bbox 810 2833 889 2864; x_wconf 85' lang='lat' dir='ltr'>have</span> <span class='ocrx_word' id='word_1_425' title='bbox 918 2844 959 2864; x_wconf 86' lang='lat' dir='ltr'>an</span> 
     </span>
     <span class='ocr_line' id='line_1_51' title="bbox 184 2881 329 2919; baseline -0.021 -7"><span class='ocrx_word' id='word_1_426' title='bbox 184 2881 329 2919; x_wconf 87' lang='lat' dir='ltr'>intrigue.</span> 
     </span>
    </p>

    <p class='ocr_par' dir='ltr' id='par_1_12' title="bbox 227 2917 962 2961">
     <span class='ocr_line' id='line_1_52' title="bbox 227 2917 962 2961; baseline -0.008 -7"><span class='ocrx_word' id='word_1_427' title='bbox 227 2932 290 2954; x_wconf 86' lang='lat' dir='ltr'>non</span> <span class='ocrx_word' id='word_1_428' title='bbox 306 2922 387 2954; x_wconf 82' lang='lat' dir='ltr'>nulli</span> <span class='ocrx_word' id='word_1_429' title='bbox 413 2922 447 2953; x_wconf 83' lang='lat' dir='ltr'>in</span> <span class='ocrx_word' id='word_1_430' title='bbox 471 2919 593 2961; x_wconf 83' lang='lat' dir='ltr'>eodem]</span> <span class='ocrx_word' id='word_1_431' title='bbox 620 2917 786 2950; x_wconf 85' lang='lat' dir='ltr'>Manutius</span> <span class='ocrx_word' id='word_1_432' title='bbox 810 2927 962 2959; x_wconf 85' lang='lat' dir='ltr'>supposes</span> 
     </span>
    </p>
   </div>
   <div class='ocr_carea' id='block_1_9' title="bbox 635 2452 954 2485">
    <p class='ocr_par' dir='ltr' id='par_1_13' title="bbox 635 2452 954 2485">
     <span class='ocr_line' id='line_1_53' title="bbox 635 2452 954 2485; baseline -0.009 -2"><span class='ocrx_word' id='word_1_433' title='bbox 635 2453 666 2483; x_wconf 88' lang='lat' dir='ltr'>It</span> <span class='ocrx_word' id='word_1_434' title='bbox 696 2453 722 2485; x_wconf 83' lang='lat' dir='ltr'>is</span> <span class='ocrx_word' id='word_1_435' title='bbox 752 2456 809 2484; x_wconf 82' lang='lat' dir='ltr'>not</span> <span class='ocrx_word' id='word_1_436' title='bbox 837 2452 954 2484; x_wconf 84' lang='lat' dir='ltr'>known</span> 
     </span>
    </p>
   </div>
   <div class='ocr_carea' id='block_1_10' title="bbox 999 2022 1780 2956">
    <p class='ocr_par' dir='ltr' id='par_1_14' title="bbox 1000 2022 1779 2190">
     <span class='ocr_line' id='line_1_54' title="bbox 1001 2022 1779 2059; baseline -0.001 -6"><span class='ocrx_word' id='word_1_437' title='bbox 1001 2024 1082 2054; x_wconf 90' lang='lat' dir='ltr'>done</span> <span class='ocrx_word' id='word_1_438' title='bbox 1094 2024 1126 2053; x_wconf 91' lang='lat' dir='ltr'>in</span> <span class='ocrx_word' id='word_1_439' title='bbox 1140 2023 1281 2053; x_wconf 83' lang='lat' dir='ltr'>Clodius’</span> <span class='ocrx_word' id='word_1_440' title='bbox 1298 2023 1477 2059; x_wconf 88' lang='lat' dir='ltr'>tribunate;</span> <span class='ocrx_word' id='word_1_441' title='bbox 1496 2023 1544 2052; x_wconf 88' lang='lat' dir='ltr'>for</span> <span class='ocrx_word' id='word_1_442' title='bbox 1559 2023 1586 2052; x_wconf 87' lang='lat' dir='ltr'>if</span> <span class='ocrx_word' id='word_1_443' title='bbox 1594 2022 1636 2052; x_wconf 90' lang='lat' dir='ltr'>all</span> <span class='ocrx_word' id='word_1_444' title='bbox 1647 2023 1702 2052; x_wconf 90' lang='lat' dir='ltr'>the</span> <span class='ocrx_word' id='word_1_445' title='bbox 1713 2026 1779 2052; x_wconf 86' lang='lat' dir='ltr'>acts</span> 
     </span>
     <span class='ocr_line' id='line_1_55' title="bbox 1001 2065 1778 2100; baseline -0.003 -4"><span class='ocrx_word' id='word_1_446' title='bbox 1001 2067 1036 2096; x_wconf 87' lang='lat' dir='ltr'>of</span> <span class='ocrx_word' id='word_1_447' title='bbox 1049 2066 1178 2096; x_wconf 90' lang='lat' dir='ltr'>Clodius</span> <span class='ocrx_word' id='word_1_448' title='bbox 1194 2066 1255 2095; x_wconf 88' lang='lat' dir='ltr'>had</span> <span class='ocrx_word' id='word_1_449' title='bbox 1272 2066 1353 2095; x_wconf 92' lang='lat' dir='ltr'>been</span> <span class='ocrx_word' id='word_1_450' title='bbox 1363 2066 1507 2096; x_wconf 91' lang='lat' dir='ltr'>declared</span> <span class='ocrx_word' id='word_1_451' title='bbox 1521 2065 1650 2100; x_wconf 87' lang='lat' dir='ltr'>invalid,</span> <span class='ocrx_word' id='word_1_452' title='bbox 1668 2065 1778 2095; x_wconf 86' lang='lat' dir='ltr'>Cato&#39;s</span> 
     </span>
     <span class='ocr_line' id='line_1_56' title="bbox 1000 2107 1779 2149; baseline -0.003 -10"><span class='ocrx_word' id='word_1_453' title='bbox 1000 2119 1070 2139; x_wconf 92' lang='lat' dir='ltr'>own</span> <span class='ocrx_word' id='word_1_454' title='bbox 1087 2109 1217 2139; x_wconf 89' lang='lat' dir='ltr'>mission</span> <span class='ocrx_word' id='word_1_455' title='bbox 1233 2112 1266 2138; x_wconf 86' lang='lat' dir='ltr'>to</span> <span class='ocrx_word' id='word_1_456' title='bbox 1283 2108 1408 2149; x_wconf 88' lang='lat' dir='ltr'>Cyprus</span> <span class='ocrx_word' id='word_1_457' title='bbox 1431 2111 1517 2139; x_wconf 88' lang='lat' dir='ltr'>must</span> <span class='ocrx_word' id='word_1_458' title='bbox 1533 2109 1612 2138; x_wconf 86' lang='lat' dir='ltr'>have</span> <span class='ocrx_word' id='word_1_459' title='bbox 1629 2108 1707 2138; x_wconf 87' lang='lat' dir='ltr'>been</span> <span class='ocrx_word' id='word_1_460' title='bbox 1724 2107 1779 2138; x_wconf 89' lang='lat' dir='ltr'>de-</span> 
     </span>
     <span class='ocr_line' id='line_1_57' title="bbox 1001 2151 1303 2190; baseline -0.007 -8"><span class='ocrx_word' id='word_1_461' title='bbox 1001 2152 1103 2182; x_wconf 88' lang='lat' dir='ltr'>clared</span> <span class='ocrx_word' id='word_1_462' title='bbox 1120 2151 1225 2190; x_wconf 90' lang='lat' dir='ltr'>illegal</span> <span class='ocrx_word' id='word_1_463' title='bbox 1240 2155 1303 2182; x_wconf 87' lang='lat' dir='ltr'>too.</span> 
     </span>
    </p>

    <p class='ocr_par' dir='ltr' id='par_1_15' title="bbox 999 2193 1780 2872">
     <span class='ocr_line' id='line_1_58' title="bbox 1049 2193 1778 2233; baseline -0.003 -8"><span class='ocrx_word' id='word_1_464' title='bbox 1049 2196 1081 2225; x_wconf 81' lang='lat'>0.</span> <span class='ocrx_word' id='word_1_465' title='bbox 1103 2195 1232 2225; x_wconf 80' lang='lat' dir='ltr'>Caesari</span> <span class='ocrx_word' id='word_1_466' title='bbox 1247 2194 1512 2233; x_wconf 76' lang='lat' dir='ltr'>supplicationes]</span> <span class='ocrx_word' id='word_1_467' title='bbox 1540 2193 1655 2224; x_wconf 89' lang='lat' dir='ltr'>Caesar</span> <span class='ocrx_word' id='word_1_468' title='bbox 1671 2193 1723 2232; x_wconf 91' lang='lat' dir='ltr'>(B.</span> <span class='ocrx_word' id='word_1_469' title='bbox 1739 2193 1778 2223; x_wconf 90' lang='lat' dir='ltr'>G.</span> 
     </span>
     <span class='ocr_line' id='line_1_59' title="bbox 1000 2236 1778 2275; baseline -0.003 -8"><span class='ocrx_word' id='word_1_470' title='bbox 1000 2238 1032 2267; x_wconf 88' lang='lat' dir='ltr'>ii.</span> <span class='ocrx_word' id='word_1_471' title='bbox 1050 2239 1107 2275; x_wconf 88' lang='lat'>35)</span> <span class='ocrx_word' id='word_1_472' title='bbox 1124 2238 1194 2267; x_wconf 87' lang='lat' dir='ltr'>tells</span> <span class='ocrx_word' id='word_1_473' title='bbox 1218 2247 1255 2267; x_wconf 89' lang='lat' dir='ltr'>us</span> <span class='ocrx_word' id='word_1_474' title='bbox 1279 2237 1353 2266; x_wconf 87' lang='lat' dir='ltr'>this.</span> <span class='ocrx_word' id='word_1_475' title='bbox 1396 2237 1441 2266; x_wconf 86' lang='lat' dir='ltr'>At</span> <span class='ocrx_word' id='word_1_476' title='bbox 1471 2237 1525 2266; x_wconf 86' lang='lat' dir='ltr'>the</span> <span class='ocrx_word' id='word_1_477' title='bbox 1551 2237 1634 2266; x_wconf 85' lang='lat' dir='ltr'>close</span> <span class='ocrx_word' id='word_1_478' title='bbox 1657 2236 1692 2265; x_wconf 89' lang='lat' dir='ltr'>of</span> <span class='ocrx_word' id='word_1_479' title='bbox 1714 2245 1778 2266; x_wconf 85' lang='lat' dir='ltr'>B.c.</span> 
     </span>
     <span class='ocr_line' id='line_1_60' title="bbox 1002 2279 1778 2316; baseline -0.001 -6"><span class='ocrx_word' id='word_1_480' title='bbox 1002 2282 1054 2316; x_wconf 87' lang='lat'>57,</span> <span class='ocrx_word' id='word_1_481' title='bbox 1071 2280 1162 2310; x_wconf 88' lang='lat' dir='ltr'>when</span> <span class='ocrx_word' id='word_1_482' title='bbox 1179 2280 1219 2309; x_wconf 89' lang='lat' dir='ltr'>he</span> <span class='ocrx_word' id='word_1_483' title='bbox 1242 2280 1303 2309; x_wconf 85' lang='lat' dir='ltr'>had</span> <span class='ocrx_word' id='word_1_484' title='bbox 1328 2279 1447 2309; x_wconf 88' lang='lat' dir='ltr'>carried</span> <span class='ocrx_word' id='word_1_485' title='bbox 1468 2280 1523 2309; x_wconf 90' lang='lat' dir='ltr'>the</span> <span class='ocrx_word' id='word_1_486' title='bbox 1545 2279 1669 2309; x_wconf 87' lang='lat' dir='ltr'>Roman</span> <span class='ocrx_word' id='word_1_487' title='bbox 1693 2288 1778 2309; x_wconf 89' lang='lat' dir='ltr'>arms</span> 
     </span>
     <span class='ocr_line' id='line_1_61' title="bbox 1001 2321 1780 2362; baseline -0.004 -9"><span class='ocrx_word' id='word_1_488' title='bbox 1001 2323 1126 2362; x_wconf 89' lang='lat' dir='ltr'>beyond</span> <span class='ocrx_word' id='word_1_489' title='bbox 1157 2323 1212 2352; x_wconf 87' lang='lat' dir='ltr'>the</span> <span class='ocrx_word' id='word_1_490' title='bbox 1243 2322 1384 2358; x_wconf 80' lang='lat' dir='ltr'>Sambre,</span> <span class='ocrx_word' id='word_1_491' title='bbox 1412 2321 1532 2352; x_wconf 89' lang='lat' dir='ltr'>broken</span> <span class='ocrx_word' id='word_1_492' title='bbox 1561 2322 1617 2351; x_wconf 88' lang='lat' dir='ltr'>the</span> <span class='ocrx_word' id='word_1_493' title='bbox 1647 2321 1780 2360; x_wconf 88' lang='lat' dir='ltr'>Belgian</span> 
     </span>
     <span class='ocr_line' id='line_1_62' title="bbox 1002 2363 1780 2404; baseline -0.003 -9"><span class='ocrx_word' id='word_1_494' title='bbox 1002 2365 1232 2396; x_wconf 79' lang='lat' dir='ltr'>confederation</span> <span class='ocrx_word' id='word_1_495' title='bbox 1258 2365 1292 2394; x_wconf 90' lang='lat' dir='ltr'>iu</span> <span class='ocrx_word' id='word_1_496' title='bbox 1316 2375 1334 2394; x_wconf 90' lang='lat' dir='ltr'>a</span> <span class='ocrx_word' id='word_1_497' title='bbox 1360 2364 1475 2404; x_wconf 84' lang='lat' dir='ltr'>bloody</span> <span class='ocrx_word' id='word_1_498' title='bbox 1501 2365 1609 2400; x_wconf 84' lang='lat' dir='ltr'>battle,</span> <span class='ocrx_word' id='word_1_499' title='bbox 1638 2363 1780 2394; x_wconf 84' lang='lat' dir='ltr'>received</span> 
     </span>
     <span class='ocr_line' id='line_1_63' title="bbox 1001 2406 1780 2438; baseline -0.003 0"><span class='ocrx_word' id='word_1_500' title='bbox 1001 2409 1056 2438; x_wconf 90' lang='lat' dir='ltr'>the</span> <span class='ocrx_word' id='word_1_501' title='bbox 1086 2407 1276 2438; x_wconf 87' lang='lat' dir='ltr'>submission</span> <span class='ocrx_word' id='word_1_502' title='bbox 1305 2407 1340 2436; x_wconf 86' lang='lat' dir='ltr'>of</span> <span class='ocrx_word' id='word_1_503' title='bbox 1371 2407 1426 2437; x_wconf 89' lang='lat' dir='ltr'>the</span> <span class='ocrx_word' id='word_1_504' title='bbox 1455 2407 1571 2437; x_wconf 85' lang='lat' dir='ltr'>Veneti</span> <span class='ocrx_word' id='word_1_505' title='bbox 1597 2407 1660 2436; x_wconf 89' lang='lat' dir='ltr'>and</span> <span class='ocrx_word' id='word_1_506' title='bbox 1689 2406 1780 2436; x_wconf 87' lang='lat' dir='ltr'>other</span> 
     </span>
     <span class='ocr_line' id='line_1_64' title="bbox 1000 2450 1779 2487; baseline -0.003 -7"><span class='ocrx_word' id='word_1_507' title='bbox 1000 2451 1126 2480; x_wconf 81' lang='lat' dir='ltr'>nations</span> <span class='ocrx_word' id='word_1_508' title='bbox 1142 2460 1183 2480; x_wconf 91' lang='lat' dir='ltr'>on</span> <span class='ocrx_word' id='word_1_509' title='bbox 1199 2450 1254 2479; x_wconf 84' lang='lat' dir='ltr'>the</span> <span class='ocrx_word' id='word_1_510' title='bbox 1270 2450 1414 2479; x_wconf 88' lang='lat' dir='ltr'>Armoric</span> <span class='ocrx_word' id='word_1_511' title='bbox 1429 2453 1524 2487; x_wconf 70' lang='lat' dir='ltr'>coast,</span> <span class='ocrx_word' id='word_1_512' title='bbox 1542 2450 1603 2479; x_wconf 93' lang='lat' dir='ltr'>and</span> <span class='ocrx_word' id='word_1_513' title='bbox 1619 2459 1696 2479; x_wconf 90' lang='lat' dir='ltr'>even</span> <span class='ocrx_word' id='word_1_514' title='bbox 1711 2459 1779 2478; x_wconf 87' lang='lat' dir='ltr'>am-</span> 
     </span>
     <span class='ocr_line' id='line_1_65' title="bbox 999 2491 1780 2531; baseline -0.003 -8"><span class='ocrx_word' id='word_1_515' title='bbox 999 2493 1163 2523; x_wconf 89' lang='lat' dir='ltr'>bassadors</span> <span class='ocrx_word' id='word_1_516' title='bbox 1192 2493 1274 2521; x_wconf 84' lang='lat' dir='ltr'>from</span> <span class='ocrx_word' id='word_1_517' title='bbox 1311 2493 1366 2522; x_wconf 85' lang='lat' dir='ltr'>the</span> <span class='ocrx_word' id='word_1_518' title='bbox 1402 2493 1527 2522; x_wconf 83' lang='lat' dir='ltr'>nations</span> <span class='ocrx_word' id='word_1_519' title='bbox 1564 2492 1688 2531; x_wconf 88' lang='lat' dir='ltr'>beyond</span> <span class='ocrx_word' id='word_1_520' title='bbox 1724 2491 1780 2521; x_wconf 84' lang='lat' dir='ltr'>the</span> 
     </span>
     <span class='ocr_line' id='line_1_66' title="bbox 1002 2534 1777 2570; baseline -0.004 -4"><span class='ocrx_word' id='word_1_521' title='bbox 1002 2536 1107 2566; x_wconf 86' lang='lat' dir='ltr'>Rhine</span> <span class='ocrx_word' id='word_1_522' title='bbox 1122 2535 1182 2564; x_wconf 87' lang='lat' dir='ltr'>had</span> <span class='ocrx_word' id='word_1_523' title='bbox 1207 2535 1287 2564; x_wconf 85' lang='lat' dir='ltr'>been</span> <span class='ocrx_word' id='word_1_524' title='bbox 1304 2538 1374 2564; x_wconf 88' lang='lat' dir='ltr'>sent</span> <span class='ocrx_word' id='word_1_525' title='bbox 1396 2538 1430 2564; x_wconf 85' lang='lat' dir='ltr'>to</span> <span class='ocrx_word' id='word_1_526' title='bbox 1446 2535 1523 2570; x_wconf 84' lang='lat' dir='ltr'>him,</span> <span class='ocrx_word' id='word_1_527' title='bbox 1540 2535 1581 2564; x_wconf 88' lang='lat' dir='ltr'>he</span> <span class='ocrx_word' id='word_1_528' title='bbox 1602 2534 1777 2564; x_wconf 82' lang='lat' dir='ltr'>forwarded</span> 
     </span>
     <span class='ocr_line' id='line_1_67' title="bbox 1000 2576 1778 2616; baseline -0.003 -8"><span class='ocrx_word' id='word_1_529' title='bbox 1000 2579 1050 2608; x_wconf 88' lang='lat' dir='ltr'>his</span> <span class='ocrx_word' id='word_1_530' title='bbox 1077 2578 1263 2616; x_wconf 88' lang='lat' dir='ltr'>despatches</span> <span class='ocrx_word' id='word_1_531' title='bbox 1289 2580 1322 2607; x_wconf 87' lang='lat' dir='ltr'>to</span> <span class='ocrx_word' id='word_1_532' title='bbox 1349 2577 1461 2607; x_wconf 88' lang='lat' dir='ltr'>Rome.</span> <span class='ocrx_word' id='word_1_533' title='bbox 1509 2578 1560 2607; x_wconf 91' lang='lat' dir='ltr'>He</span> <span class='ocrx_word' id='word_1_534' title='bbox 1585 2587 1677 2616; x_wconf 84' lang='lat' dir='ltr'>says:</span> <span class='ocrx_word' id='word_1_535' title='bbox 1703 2576 1778 2606; x_wconf 88' lang='lat' dir='ltr'>“oh</span> 
     </span>
     <span class='ocr_line' id='line_1_68' title="bbox 1003 2619 1779 2660; baseline -0.004 -10"><span class='ocrx_word' id='word_1_536' title='bbox 1003 2631 1118 2660; x_wconf 86' lang='lat' dir='ltr'>easque</span> <span class='ocrx_word' id='word_1_537' title='bbox 1141 2630 1191 2649; x_wconf 84' lang='lat' dir='ltr'>res</span> <span class='ocrx_word' id='word_1_538' title='bbox 1215 2630 1252 2649; x_wconf 81' lang='lat' dir='ltr'>ex</span> <span class='ocrx_word' id='word_1_539' title='bbox 1274 2620 1388 2649; x_wconf 85' lang='lat' dir='ltr'>litteris</span> <span class='ocrx_word' id='word_1_540' title='bbox 1418 2620 1560 2650; x_wconf 87' lang='lat' dir='ltr'>Caesaris</span> <span class='ocrx_word' id='word_1_541' title='bbox 1590 2619 1655 2649; x_wconf 90' lang='lat' dir='ltr'>dies</span> <span class='ocrx_word' id='word_1_542' title='bbox 1686 2619 1779 2658; x_wconf 84' lang='lat' dir='ltr'>quin-</span> 
     </span>
     <span class='ocr_line' id='line_1_69' title="bbox 1004 2661 1779 2702; baseline -0.004 -9"><span class='ocrx_word' id='word_1_543' title='bbox 1004 2664 1104 2693; x_wconf 89' lang='lat' dir='ltr'>decim</span> <span class='ocrx_word' id='word_1_544' title='bbox 1122 2663 1310 2702; x_wconf 80' lang='lat' dir='ltr'>supplicatio</span> <span class='ocrx_word' id='word_1_545' title='bbox 1326 2663 1451 2692; x_wconf 83' lang='lat' dir='ltr'>decreta</span> <span class='ocrx_word' id='word_1_546' title='bbox 1467 2666 1524 2698; x_wconf 86' lang='lat' dir='ltr'>est,</span> <span class='ocrx_word' id='word_1_547' title='bbox 1542 2662 1626 2702; x_wconf 89' lang='lat' dir='ltr'>quod</span> <span class='ocrx_word' id='word_1_548' title='bbox 1647 2665 1722 2690; x_wconf 80' lang='lat' dir='ltr'>ante</span> <span class='ocrx_word' id='word_1_549' title='bbox 1747 2661 1779 2690; x_wconf 88' lang='lat' dir='ltr'>id</span> 
     </span>
     <span class='ocr_line' id='line_1_70' title="bbox 1004 2703 1778 2744; baseline -0.004 -9"><span class='ocrx_word' id='word_1_550' title='bbox 1004 2709 1130 2744; x_wconf 85' lang='lat' dir='ltr'>tempus</span> <span class='ocrx_word' id='word_1_551' title='bbox 1161 2705 1273 2735; x_wconf 85' lang='lat' dir='ltr'>accidit</span> <span class='ocrx_word' id='word_1_552' title='bbox 1311 2705 1425 2734; x_wconf 85' lang='lat' dir='ltr'>nulli.&#39;’</span> <span class='ocrx_word' id='word_1_553' title='bbox 1482 2704 1625 2735; x_wconf 82' lang='lat' dir='ltr'>Caesar’s</span> <span class='ocrx_word' id='word_1_554' title='bbox 1658 2703 1778 2732; x_wconf 85' lang='lat' dir='ltr'>‘nulli&#39;</span> 
     </span>
     <span class='ocr_line' id='line_1_71' title="bbox 1005 2747 1779 2786; baseline -0.004 -9"><span class='ocrx_word' id='word_1_555' title='bbox 1005 2748 1067 2778; x_wconf 91' lang='lat' dir='ltr'>and</span> <span class='ocrx_word' id='word_1_556' title='bbox 1101 2747 1239 2777; x_wconf 86' lang='lat' dir='ltr'>Cicero&#39;s</span> <span class='ocrx_word' id='word_1_557' title='bbox 1271 2747 1430 2777; x_wconf 84' lang='lat' dir='ltr'>‘nemini&#39;</span> <span class='ocrx_word' id='word_1_558' title='bbox 1463 2757 1584 2786; x_wconf 88' lang='lat' dir='ltr'>occupy</span> <span class='ocrx_word' id='word_1_559' title='bbox 1613 2747 1668 2776; x_wconf 87' lang='lat' dir='ltr'>the</span> <span class='ocrx_word' id='word_1_560' title='bbox 1693 2755 1779 2775; x_wconf 88' lang='lat' dir='ltr'>same</span> 
     </span>
     <span class='ocr_line' id='line_1_72' title="bbox 1003 2788 1779 2830; baseline -0.004 -10"><span class='ocrx_word' id='word_1_561' title='bbox 1003 2791 1093 2830; x_wconf 86' lang='lat' dir='ltr'>place</span> <span class='ocrx_word' id='word_1_562' title='bbox 1108 2790 1141 2819; x_wconf 90' lang='lat' dir='ltr'>in</span> <span class='ocrx_word' id='word_1_563' title='bbox 1168 2791 1223 2820; x_wconf 91' lang='lat' dir='ltr'>the</span> <span class='ocrx_word' id='word_1_564' title='bbox 1242 2794 1401 2826; x_wconf 81' lang='lat' dir='ltr'>sentence,</span> <span class='ocrx_word' id='word_1_565' title='bbox 1418 2790 1481 2819; x_wconf 89' lang='lat' dir='ltr'>and</span> <span class='ocrx_word' id='word_1_566' title='bbox 1506 2790 1595 2819; x_wconf 87' lang='lat' dir='ltr'>mark</span> <span class='ocrx_word' id='word_1_567' title='bbox 1617 2789 1673 2818; x_wconf 87' lang='lat' dir='ltr'>the</span> <span class='ocrx_word' id='word_1_568' title='bbox 1693 2788 1779 2817; x_wconf 90' lang='lat' dir='ltr'>word</span> 
     </span>
     <span class='ocr_line' id='line_1_73' title="bbox 1004 2833 1235 2872; baseline -0.004 -9"><span class='ocrx_word' id='word_1_569' title='bbox 1004 2833 1235 2872; x_wconf 88' lang='lat' dir='ltr'>emphatically.</span> 
     </span>
    </p>

    <p class='ocr_par' dir='ltr' id='par_1_16' title="bbox 1005 2872 1780 2956">
     <span class='ocr_line' id='line_1_74' title="bbox 1049 2872 1780 2913; baseline -0.004 -9"><span class='ocrx_word' id='word_1_570' title='bbox 1049 2876 1098 2905; x_wconf 87' lang='lat'>11.</span> <span class='ocrx_word' id='word_1_571' title='bbox 1123 2875 1275 2913; x_wconf 72' lang='lat' dir='ltr'>hominis]</span> <span class='ocrx_word' id='word_1_572' title='bbox 1303 2874 1362 2904; x_wconf 89' lang='lat' dir='ltr'>See</span> <span class='ocrx_word' id='word_1_573' title='bbox 1379 2874 1451 2904; x_wconf 85' lang='lat' dir='ltr'>Vol.</span> <span class='ocrx_word' id='word_1_574' title='bbox 1467 2874 1498 2903; x_wconf 87' lang='lat' dir='ltr'>ii.</span> <span class='ocrx_word' id='word_1_575' title='bbox 1527 2873 1639 2908; x_wconf 87' lang='lat' dir='ltr'>Index,</span> <span class='ocrx_word' id='word_1_576' title='bbox 1656 2882 1698 2902; x_wconf 91' lang='lat' dir='ltr'>on</span> <span class='ocrx_word' id='word_1_577' title='bbox 1723 2872 1780 2902; x_wconf 84' lang='lat' dir='ltr'>the</span> 
     </span>
     <span class='ocr_line' id='line_1_75' title="bbox 1005 2915 1779 2956; baseline -0.005 -8"><span class='ocrx_word' id='word_1_578' title='bbox 1005 2927 1061 2948; x_wconf 90' lang='lat' dir='ltr'>use</span> <span class='ocrx_word' id='word_1_579' title='bbox 1077 2917 1112 2950; x_wconf 83' lang='lat' dir='ltr'>of</span> <span class='ocrx_word' id='word_1_580' title='bbox 1134 2917 1190 2949; x_wconf 85' lang='lat' dir='ltr'>the</span> <span class='ocrx_word' id='word_1_581' title='bbox 1205 2917 1289 2947; x_wconf 88' lang='lat' dir='ltr'>word</span> <span class='ocrx_word' id='word_1_582' title='bbox 1316 2916 1509 2950; x_wconf 58' lang='lat' dir='ltr'>‘homos—⁴</span> <span class='ocrx_word' id='word_1_583' title='bbox 1520 2915 1700 2956; x_wconf 82' lang='lat' dir='ltr'>quindecim</span> <span class='ocrx_word' id='word_1_584' title='bbox 1717 2937 1725 2945; x_wconf 87' lang='lat'><strong>.</strong></span> <span class='ocrx_word' id='word_1_585' title='bbox 1743 2936 1751 2944; x_wconf 94' lang='lat'><strong>.</strong></span> <span class='ocrx_word' id='word_1_586' title='bbox 1770 2936 1779 2945; x_wconf 94' lang='lat'><strong>.</strong></span> 
     </span>
    </p>
   </div>
  </div>
 </body>
</html>
