1899 3227
699 148 834 190 CAP.
867 151 1049 191 28—30.
1630 153 1682 197 79

75 265 258 306 virorum
296 263 507 305 sententia
546 269 674 318 atque
707 264 965 305 auctoritate
1005 262 1158 304 fecisse
1200 264 1378 306 dicatur.
1452 265 1534 306 Sed
1574 267 1681 308 scire

76 330 197 385 cupio
220 328 319 384 quid
339 329 495 370 habeat
524 328 762 383 argumenti
783 328 866 369 ista
886 328 1185 377 manumissi03
1226 329 1268 369 in
1304 345 1386 384 qua
1417 335 1493 370 aut
1526 331 1680 371 crimen

75 399 140 435 est
174 394 314 435 Caelio
350 394 598 448 quaesitum,
633 402 708 435 aut
741 394 932 448 quaestio
969 394 1134 434 sublata
1169 399 1245 435 aut
1280 395 1508 436 multarum
1542 410 1681 436 rerum

43 480 45 482 >
75 459 253 500 consciis
284 459 413 499 servis
442 474 538 499 cum
569 473 715 499 caussa
742 458 974 513 praemium
996 459 1395 514 persolutum.—-At
1424 460 1677 515 propinquis,

74 523 222 579 inquit,
245 523 564 578 placuit—Cur
596 538 678 563 non
711 524 907 579 placeret,
933 538 1061 579 quum
1089 529 1136 565 tu
1166 539 1254 565 rem
1286 530 1329 566 te
1354 525 1407 565 ad
1429 540 1501 565 eos
1523 540 1605 565 non
1626 526 1680 566 ab

74 588 166 629 aliis
186 588 263 629 tibi
287 588 469 637 allatam,
499 589 571 629 sed
607 603 632 628 a
663 593 706 629 te
738 589 830 643 ipsa
864 593 1121 644 compertam
1154 589 1314 630 deferre
1344 589 1533 631 diceres?
1594 590 1679 631 Hic

75 653 202 695 etiam
234 652 445 701 miramur,
483 653 517 693 si
550 653 663 694 illam
698 653 1028 694 commentitiam
1064 653 1257 708 pyxidem
1294 654 1592 696 obscenissima
1625 656 1681 697 sit

74 718 215 759 fabula
237 718 491 759 consecuta?
553 717 667 758 Nihil
689 723 754 759 est
776 719 888 773 quod
905 718 946 758 in
964 718 1169 772 ejusmodi
1190 719 1405 760 mulierem
1427 734 1509 761 non
1532 721 1680 762 cadere

73 783 288 825 videatur:
332 783 477 824 audita
509 788 552 824 et
583 783 872 838 percelebrata
908 783 1170 824 sermonibus
1202 798 1270 824 res
1303 790 1377 826 est.
1454 784 1680 841 Percipitis

73 847 237 899 animis,
257 848 432 903 judices,
450 849 711 903 jamdudum,
735 848 832 904 quid
854 848 988 898 velim,
1012 848 1076 889 vel
1097 849 1237 902 potius
1259 849 1358 904 quid
1379 849 1505 890 nolim
1527 851 1677 892 dicere.

77 913 199 965 Quod
233 913 360 955 etiam
400 913 435 953 si
475 918 541 954 est
579 913 751 963 factum,
781 918 896 955 certe
936 928 962 954 a
1003 913 1142 955 Caelio
1183 928 1267 954 non
1303 920 1393 956 est:
1429 915 1528 970 quid
1569 916 1679 957 enim

74 977 313 1020 attinebat?
380 978 462 1020 Est
501 979 611 1020 enim
650 980 704 1019 ab
743 979 882 1034 aliquo
921 979 1101 1019 fortasse
1141 979 1421 1031 adolescente,
1466 995 1548 1020 non
1589 986 1678 1022 tam

74 1042 228 1084 insulso
243 1057 368 1098 quam
384 1059 467 1085 non
483 1045 730 1085 verecundo.
775 1044 848 1084 Sin
869 1048 1011 1085 autem
1033 1049 1100 1086 est
1113 1044 1272 1094 fictum,
1291 1060 1374 1086 non
1396 1046 1496 1086 illud
1512 1045 1677 1100 quidem

73 1108 320 1159 modestum,
345 1109 419 1150 sed
440 1113 583 1150 tamen
605 1113 669 1150 est
691 1124 774 1150 non
795 1109 1009 1150 inficetum
1030 1110 1320 1158 mendacium;
1357 1111 1466 1166 quod
1489 1111 1678 1166 profecto

74 1187 301 1228 numquam
324 1174 538 1214 hominum
565 1189 703 1215 sermo
734 1179 862 1230 atque
893 1173 1033 1229 opinio
1065 1175 1392 1229 comprobasset,
1415 1176 1494 1216 nisi
1526 1177 1676 1225 omnia,

75 1253 182 1293 quae
219 1253 313 1279 cum
347 1238 607 1293 turpitudine
641 1239 779 1294 aliqua
815 1239 1066 1289 dicerentur,
1104 1239 1145 1279 in
1178 1239 1303 1281 istam
1339 1241 1543 1296 quadrare
1579 1246 1677 1297 apte

73 1303 326 1345 viderentur.

133 1369 261 1409 Dicta
292 1374 358 1410 est
393 1383 418 1409 a
453 1383 518 1410 me
555 1382 714 1419 caussa,
748 1368 926 1422 judices,
963 1373 1007 1409 et
1041 1374 1250 1424 perorata.
1311 1368 1410 1410 Jam
1443 1369 1676 1425 intelligitis

75 1438 275 1489 quantum
300 1433 503 1488 judicium
534 1434 790 1482 sustineatis,
814 1439 971 1489 quanta
1001 1449 1068 1475 res
1092 1434 1148 1475 sit
1176 1434 1397 1475 commissa
1418 1436 1547 1476 vobis.
1610 1435 1676 1477 De

73 1499 114 1539 vi
148 1499 360 1553 quaeritis.
423 1499 539 1550 Quae
574 1499 642 1539 lex
677 1499 731 1539 ad
767 1499 999 1554 imperium,
1028 1500 1082 1539 ad
1112 1499 1393 1553 majestatem,
1427 1500 1480 1540 ad
1516 1505 1675 1542 statum

74 1563 246 1619 patriae,
281 1563 334 1603 ad
374 1563 551 1603 salutem
593 1563 777 1603 omnium
817 1564 1029 1618 pertinet;
1080 1578 1204 1618 quam
1244 1563 1380 1618 legem
1415 1565 1463 1617 Q.
1501 1565 1674 1607 Catulus

73 1633 238 1670 armata
258 1628 515 1669 dissensione
537 1627 686 1669 civium
717 1628 777 1668 rei
804 1628 993 1683 publicae
1024 1642 1155 1683 paene
1186 1629 1385 1669 extremis
1418 1631 1675 1685 temporibus

73 1694 198 1742 tulit;
238 1708 426 1749 quaeque
465 1693 531 1734 lex
563 1693 709 1734 sedata
749 1692 818 1734 illa
857 1695 1024 1734 flamma
1067 1693 1308 1734 consulatus
1349 1695 1429 1735 mci
1466 1696 1675 1737 fumantes

74 1759 269 1814 reliquias
291 1758 592 1813 conjurationis
620 1758 850 1806 exstinxit;
886 1758 964 1799 hac
996 1758 1105 1799 enim
1126 1759 1218 1813 lege
1240 1758 1368 1800 Caelii
1390 1760 1675 1802 adolescentia

74 1839 156 1865 non
191 1825 245 1865 ad
280 1823 338 1864 rei
372 1824 561 1879 publicae
597 1837 766 1878 poenas,
796 1823 870 1864 sed
904 1823 957 1864 ad
989 1823 1174 1864 mulieris
1202 1823 1394 1865 libidines
1430 1830 1474 1866 et
1505 1826 1674 1867 delicias

75 1889 328 1945 deposcitur.
390 1888 555 1929 XXX.
602 1888 747 1943 Atque
787 1888 866 1929 hoc
907 1888 1034 1929 etiam
1074 1887 1164 1928 loco
1209 1888 1271 1929 M.
1297 1888 1499 1931 Camurtii
1540 1896 1582 1932 et
1626 1891 1670 1932 O.

76 1954 288 1996 Caesel-nii
323 1954 535 1996 damnatio
570 1953 848 2010 praedicatur.

118 2111 338 2141 obscenissima
353 2111 412 2151 sit]
444 2110 540 2141 Halm
553 2110 657 2140 writes
671 2113 678 2126 ⁴
689 2110 848 2140 obscenis-

76 2153 154 2184 sima
177 2153 243 2184 est'
269 2156 415 2192 contrary
442 2157 476 2184 to
501 2154 542 2183 all
568 2154 623 2183 the
650 2153 746 2183 MSS.
760 2165 767 2190 ;
790 2153 849 2183 but

75 2197 278 2237 consistently
294 2197 369 2226 with
387 2197 481 2226 Latin
494 2207 599 2236 usage.
647 2196 757 2227 Cicero
773 2196 848 2226 does

74 2242 132 2269 not
147 2240 202 2270 tell
217 2250 254 2270 us
274 2240 358 2269 what
380 2240 444 2270 this
461 2242 468 2256 ‘
480 2239 704 2270 obscenissima
720 2239 826 2269 fabula
839 2239 846 2252 '

75 2292 148 2312 was.
196 2283 246 2313 He
262 2283 346 2322 gives
362 2293 403 2313 no
420 2283 511 2319 hint;
536 2283 594 2312 but
616 2282 641 2312 it
662 2292 724 2312 was
745 2291 848 2312 some-

74 2325 166 2364 thing
181 2328 234 2355 too
249 2326 309 2355 bad
326 2325 373 2356 for
389 2326 453 2355 him
471 2329 504 2355 to
523 2326 675 2356 mention.
712 2325 849 2355 Cicero's

74 2368 190 2398 silence
206 2368 259 2398 did
275 2372 331 2398 not
350 2372 482 2408 prevent
497 2368 629 2398 Abi-ami
646 2368 725 2397 from
743 2369 850 2407 trying

73 2415 108 2441 to
124 2415 213 2441 scent
228 2414 285 2441 out
300 2412 354 2441 the
370 2415 494 2448 matter,
511 2412 573 2441 and
590 2411 629 2441 hc
646 2411 701 2440 has
717 2411 808 2441 made
831 2421 850 2440 a

74 2457 158 2483 most
185 2454 324 2492 singular
353 2459 427 2484 note
455 2464 497 2484 on
527 2455 617 2484 it.—‘
631 2455 662 2484 in
694 2453 848 2492 ejusmodi

74 2497 238 2526 mulierem
256 2506 318 2526 non
336 2497 444 2527 cadere
457 2497 476 2527 :'
494 2507 545 2527 see
563 2498 622 2528 Pro
639 2497 736 2533 Sulla,
754 2507 780 2526 c.
794 2498 846 2533 27,

76 2540 137 2569 “in
152 2540 208 2569 hos
226 2549 328 2568 mores
343 2539 457 2569 cadit.”

118 2582 309 2621 modestum]
358 2582 462 2612 There
484 2582 510 2612 is
528 2593 547 2612 a
564 2582 694 2620 reading
716 2585 723 2598 ⁴
735 2583 849 2612 moles-

75 2625 166 2662 tum,’
184 2625 219 2654 of
239 2624 339 2654 which
357 2624 472 2654 Gruter
487 2635 557 2664 says
574 2628 592 2642 “
605 2626 648 2655 ita
664 2626 734 2655 libri
751 2625 848 2655 MSS.

75 2668 328 2708 praestantiores
346 2677 416 2699 ,non
432 2668 607 2697 modestum
624 2668 707 2707 quod
724 2669 755 2698 in
776 2668 848 2697 hac-

74 2715 167 2741 tenus
197 2710 367 2749 vulgatis.”
427 2710 523 2739 Halm
553 2710 628 2740 does
659 2714 716 2740 not
743 2711 849 2740 notice

74 2754 136 2784 this
166 2754 295 2792 reading
319 2752 528 2789 ‘molestum,'
553 2753 664 2782 indeed
688 2754 712 2782 it
738 2753 764 2783 is
791 2757 848 2783 not

74 2797 176 2827 worth
191 2797 295 2827 notice
315 2800 426 2836 except
442 2796 511 2825 that
526 2795 551 2825 it
565 2805 697 2835 appears
712 2796 745 2826 in
761 2806 847 2826 some

74 2840 210 2870 editions
226 2839 260 2870 of
273 2839 327 2869 the
343 2839 494 2869 orations.

118 2882 295 2922 quadrare]
325 2882 354 2913 A
366 2882 437 2922 play
453 2891 494 2912 on
511 2881 564 2912 the
579 2890 672 2912 name
683 2880 844 2915 Quadran-

912 1953 962 2005 O,
986 1953 1265 1995 stultitiamne
1293 1954 1427 1995 dicam
1459 1970 1512 1996 an
1543 1955 1673 2012 impu-

893 2110 982 2146 taria,
1001 2120 1034 2140 as
1051 2109 1076 2139 it
1092 2119 1203 2139 seems.

937 2163 1031 2192 quam
1049 2154 1147 2191 leqem
1172 2152 1213 2192 is]
1278 2151 1336 2182 See
1362 2152 1416 2183 the
1441 2153 1671 2184 Introduction.

892 2198 945 2218 —‘
957 2196 1096 2225 mulieris
1113 2195 1298 2225 libidinosae
1311 2195 1459 2232 deli‹-ias‚'
1478 2196 1583 2226 Halm.

937 2240 1096 2269 eoestinoeit
1108 2253 1118 2272 ,-
1145 2240 1206 2268 hac
1223 2238 1322 2278 enim]
1359 2239 1396 2268 In
1414 2249 1509 2278 many
1525 2240 1671 2273 editions.

895 2281 911 2311 I
939 2281 1031 2311 know
1055 2284 1113 2310 not
1135 2281 1163 2311 if
1183 2282 1214 2311 in
1243 2281 1294 2316 all,
1321 2281 1375 2311 the
1396 2283 1541 2322 pointing
1564 2283 1671 2312 stands

894 2324 988 2354 thus:
1014 2325 1178 2354 ‘extinxit.
1204 2324 1273 2354 Hac
1297 2325 1380 2354 enim
1405 2325 1501 2365 leges
1529 2325 1585 2355 but
1606 2326 1629 2355 it
1646 2326 1671 2355 is

894 2368 1044 2407 certainly
1070 2368 1181 2406 faulty.
1238 2367 1302 2397 Yet
1329 2368 1456 2397 ‘enim'
1488 2369 1544 2398 the
1574 2368 1670 2398 MSS.

894 2411 1023 2449 reading
1052 2411 1078 2440 is
1106 2410 1205 2450 faulty
1233 2413 1297 2440 too.
1355 2411 1450 2440 Halm
1482 2421 1552 2450 says
1581 2413 1672 2441 “hat-

893 2463 979 2484 nmzc
995 2453 1122 2493 scripsi:
1141 2454 1202 2483 hac
1218 2455 1301 2483 enim
1318 2453 1354 2489 C,
1373 2455 1433 2484 hac
1450 2454 1584 2484 01·011i.’'
1622 2455 1671 2483 llo

894 2496 949 2526 has
968 2496 1112 2526 however
1133 2496 1259 2536 printed
1284 2497 1344 2526 lmc
1367 2498 1449 2526 enim
1472 2497 1502 2526 in
1525 2497 1572 2526 his
1593 2502 1670 2529 text.

892 2539 1031 2578 through
1047 2549 1086 2568 an
1104 2539 1272 2578 over-sight.
1312 2542 1318 2554 ‘
1334 2539 1402 2569 Hac
1418 2550 1502 2570 nunc
1515 2540 1521 2551 '
1538 2550 1671 2579 apponi-s

894 2585 927 2612 to
944 2582 983 2612 be
998 2582 1052 2612 the
1068 2582 1139 2611 best
1155 2582 1247 2621 thing
1263 2582 1331 2611 that
1348 2593 1404 2611 cun
1423 2583 1461 2612 bc
1477 2583 1654 2621 suggested.

937 2626 989 2655 30.
1018 2625 1193 2664 Camurlii]
1245 2625 1296 2654 No
1325 2635 1411 2655 more
1438 2626 1463 2655 is
1494 2625 1608 2655 known
1639 2625 1674 2653 os

894 2667 956 2697 this
973 2671 1089 2697 matter
1105 2668 1180 2697 than
1195 2668 1278 2697 what
1294 2668 1403 2697 Cicero
1417 2668 1487 2698 tells
1501 2679 1547 2698 us.
1575 2668 1670 2697 Their

893 2714 943 2740 act
965 2711 1001 2740 of
1020 2711 1160 2740 violence
1180 2710 1232 2740 did
1258 2714 1311 2740 not
1337 2711 1427 2749 bring
1450 2711 1536 2740 them
1560 2710 1667 2738 within

893 2753 946 2783 the
977 2754 1132 2792 penalties
1161 2753 1198 2783 of
1220 2763 1282 2793 any
1313 2753 1378 2783 Lex
1410 2754 1448 2783 de
1479 2754 1518 2782 vi.
1572 2752 1668 2781 Their

892 2796 1013 2826 offence
1029 2806 1090 2826 was
1106 2799 1113 2813 ‘
1128 2795 1297 2836 stuprum.'
1344 2798 1403 2826 See
1415 2796 1486 2826 Vol.
1498 2796 1537 2824 iii.
1559 2794 1666 2826 Index,

893 2840 1058 2879 Stupruin.
