1816 3211
223 714 753 790 ORATIONUM
840 714 1553 790 PHILIPPIGARUM

602 885 808 930 LIBER
843 883 1177 932 OCTAVUS.

145 1197 179 1238 I.
213 1198 466 1239 CONFthms
496 1199 694 1239 hesterno
716 1198 782 1239 die
803 1203 870 1239 est
900 1203 999 1240 acta
1028 1213 1108 1249 reS,
1134 1197 1180 1239 O.
1205 1197 1360 1248 Pansa,
1392 1211 1517 1252 quain
1538 1200 1682 1251 postu-

84 1262 461 1304 labat-institutum
483 1264 722 1304 consulatus
743 1262 820 1304 tui.
884 1263 1043 1303 Parum
1074 1262 1175 1303 mihi
1207 1263 1322 1303 visus
1354 1277 1398 1303 es
1429 1276 1500 1303 eos
1531 1261 1681 1316 quibus

85 1328 232 1368 cedere
253 1342 336 1368 non
366 1328 476 1369 soles
507 1328 730 1369 sustinere.
792 1327 903 1368 Nam
934 1342 1063 1382 quum
1093 1332 1266 1368 senatus
1297 1342 1347 1368 ea
1368 1326 1501 1367 virtus
1532 1326 1681 1367 fuisset

85 1407 190 1448 quae
211 1393 331 1441 solet,
355 1398 398 1434 et
426 1408 553 1448 quum
585 1407 628 1433 re
650 1393 839 1434 viderent
870 1407 1014 1433 omnes
1045 1407 1136 1432 esse
1166 1392 1330 1441 bellum,
1356 1391 1606 1446 quidamque
1638 1391 1680 1432 id

83 1459 256 1498 verbum
277 1458 572 1498 removendum
593 1458 910 1507 arbitrarentur,
935 1462 1008 1498 tua
1030 1456 1224 1499 voluntas
1256 1456 1297 1496 in
1323 1456 1578 1497 discessione
1600 1456 1680 1497 fuit

83 1523 137 1563 ad
172 1522 388 1563 lenitatem
425 1522 684 1577 propensior.
749 1522 881 1563 Victa
913 1529 978 1562 est
1010 1521 1142 1576 igitur
1172 1526 1345 1576 propter
1376 1521 1488 1562 verbi
1523 1520 1678 1575 asperi-

85 1592 219 1628 tatem
250 1593 292 1628 te
323 1593 501 1628 auctore
531 1593 680 1628 nostra
710 1587 920 1628 senentia.
984 1586 1104 1627 Vicit
1131 1586 1180 1626 L.
1205 1585 1413 1636 Caesaris,
1434 1585 1678 1641 amplissimi

82 1653 170 1701 viri,
213 1652 282 1707 qui
322 1652 436 1693 verbi
477 1653 704 1694 atrocitate
746 1653 918 1708 dempta
959 1652 1150 1693 oratione
1191 1651 1270 1692 fuit
1306 1666 1431 1706 quam
1466 1651 1678 1692 sententia

80 1717 223 1758 lenior.
286 1718 548 1772 Quamquam
578 1718 613 1758 is
644 1717 810 1772 quidem
841 1722 938 1757 ante
961 1731 1085 1772 quam
1107 1716 1363 1757 sententiam
1392 1717 1552 1758 diceret
1583 1731 1677 1771 pro-

80 1782 358 1837 pinquitatem
390 1783 619 1824 excusavit.
683 1783 801 1824 Idem
832 1783 990 1824 fecerat
1021 1797 1087 1822 me
1119 1783 1289 1822 consule
1321 1782 1361 1822 in
1390 1783 1545 1823 sororis
1574 1783 1674 1832 viro,

80 1848 191 1903 quod
212 1848 290 1889 hoc
313 1853 502 1903 tempore
524 1847 564 1888 in
586 1848 742 1889 sororis
764 1848 848 1889 filio
865 1847 979 1896 fecit,
1003 1852 1051 1888 ut
1067 1853 1112 1888 et
1131 1847 1249 1888 luctu
1266 1847 1422 1888 sororis
1439 1854 1677 1888 moveretur

78 1918 122 1954 et
143 1912 267 1954 saluti
290 1912 430 1967 populi
454 1912 631 1953 Romani
649 1913 903 1968 provideret.
947 1914 1094 1967 Atque
1111 1913 1198 1967 ipse
1221 1916 1364 1952 tamen
1387 1912 1541 1953 Caesar
1555 1926 1673 1967 prae-

80 1977 193 2033 cepit
214 1978 332 2018 vobis
362 1978 681 2033 quodammodo,
717 1984 857 2033 pat-res
889 1977 1128 2032 conscripti,
1160 1991 1211 2017 ne
1242 1977 1321 2017 sibi
1352 1977 1673 2027 assentiremini,

79 2057 206 2097 quum
228 2042 286 2083 ita
308 2042 429 2091 dixit,
453 2043 577 2083 aliam
599 2043 854 2084 sententiam
876 2057 920 2083 se
952 2042 1161 2082 dicturum
1192 2042 1332 2090 fuisse,
1361 2056 1536 2097 eamque
1558 2058 1603 2083 sc
1625 2058 1674 2084 ac

78 2121 122 2148 re
139 2106 307 2161 publica
328 2107 509 2161 dignam,
526 2106 604 2147 nisi
626 2107 941 2162 propinquitate
963 2105 1250 2160 impediretur.
1318 2105 1436 2161 Ergo
1458 2106 1526 2148 ille
1547 2122 1674 2148 avun-

79 2172 209 2213 culus.
274 2170 314 2210 N
319 2186 386 2211 um
407 2171 534 2212 etiam
555 2186 628 2212 vos
648 2171 851 2220 avunculi,
877 2171 945 2226 qui
968 2170 1025 2211 illi
1046 2171 1149 2212 estis
1170 2171 1358 2211 assensi?

136 2237 199 2277 At
240 2235 280 2276 in
313 2250 394 2291 quo
430 2236 508 2277 fuit
542 2236 856 2277 controversia?
915 2235 1021 2276 Belli
1052 2249 1203 2276 nomen
1235 2234 1472 2289 ponendum
1504 2234 1543 2274 in
1580 2249 1672 2276 sen—

77 2301 213 2342 tentia
233 2300 401 2355 quidem
422 2315 504 2341 non
527 2301 758 2355 putabant:
795 2301 1022 2341 tumultum
1053 2299 1263 2354 appellare
1295 2300 1506 2340 malebant
1538 2299 1671 2354 ignari

76 2381 160 2406 non
192 2366 315 2406 modo
343 2380 492 2415 rerum,
526 2366 599 2406 sed
635 2365 762 2406 etiam
788 2365 1034 2406 verborum:
1081 2369 1224 2419 potest
1257 2365 1368 2405 enim
1395 2380 1486 2406 esse
1519 2365 1671 2406 bellum

122 2497 150 2526 l.
179 2495 363 2535 Commius]
414 2495 550 2534 Perhaps
577 2494 618 2524 he
641 2504 748 2524 means
775 2494 850 2524 with
894 2494 948 2524 the
964 2497 1048 2524 note.
1096 2499 1103 2512 ¹
1116 2495 1205 2524 Idem
1230 2495 1344 2525 fecerat
1362 2517 1369 2525 .
1386 2518 1393 2525 .
1410 2517 1416 2525 .
1434 2498 1470 2526 ut
1488 2518 1495 2525 .
1517 2518 1524 2525 .
1539 2518 1545 2525 .
1564 2505 1670 2525 move-

75 2538 137 2568 less
153 2549 222 2568 care
237 2549 273 2567 or
288 2538 585 2568 consideration.—‘
599 2536 785 2567 sustinere?
816 2541 850 2566 to
894 2541 980 2567 retur
1008 2560 1015 2567 .
1034 2560 1041 2568 .
1058 2560 1066 2568 .
1093 2537 1292 2577 provideret’
1316 2539 1341 2568 is
1365 2538 1473 2568 unlike
1499 2548 1560 2578 any
1584 2541 1668 2576 Eng-

76 2582 178 2611 resist.
228 2581 278 2611 lle
301 2591 377 2618 gave
394 2591 458 2620 way
484 2585 516 2609 to
542 2580 632 2610 those
654 2580 758 2610 whose
782 2580 849 2619 opi·
895 2580 953 2610 lish
974 2580 1053 2610 form
1078 2581 1114 2610 of
1137 2581 1327 2620 expression.
1373 2582 1441 2611 The
1469 2582 1617 2619 meaning
1644 2582 1668 2611 is

76 2625 152 2654 nion
180 2624 309 2653 ‹litl'ered
327 2623 405 2653 from
435 2624 482 2653 his
507 2623 782 2652 own.—¹verl›uni
801 2633 849 2652 re·
894 2623 1023 2653 certain.
1069 2624 1137 2654 The
1165 2635 1230 2663 way
1256 2625 1286 2653 in
1312 2624 1413 2653 which
1441 2625 1463 2654 it
1493 2624 1604 2653 should
1630 2624 1669 2653 bc

76 2667 267 2697 movendum
279 2666 298 2696 ς’
322 2676 409 2695 some
424 2667 460 2695 of
483 2667 537 2695 the
558 2670 698 2695 senators
715 2666 850 2703 thought
894 2667 1066 2696 translated
1083 2667 1109 2696 is
1126 2677 1143 2696 a
1159 2667 1250 2705 thing
1265 2678 1304 2696 on
1322 2667 1423 2696 which
1447 2667 1571 2697 readers
1597 2677 1667 2705 niay

75 2710 146 2740 that
162 2710 215 2739 the
231 2709 315 2738 word
333 2709 434 2738 ‘war’
452 2709 563 2738 should
593 2708 630 2737 be.
655 2709 849 2739 withdrawn.
894 2713 942 2748 try
960 2710 1041 2740 their
1065 2709 1150 2740 hand
1177 2711 1224 2740 till
1250 2711 1323 2749 they
1349 2710 1412 2740 find
1438 2716 1494 2740 out
1521 2710 1574 2739 the
1598 2709 1668 2739 best.

74 2756 127 2775 —‘
139 2753 329 2782 discessione
341 2751 360 2781 :’
385 2762 436 2781 see
456 2752 533 2781 l'liil.
552 2751 592 2781 iii.
611 2762 637 2781 υ.
656 2754 686 2782 9.
892 2752 983 2782 form.

118 2796 158 2826 L.
191 2796 336 2825 Caesaris
367 2817 374 2824 .
392 2817 399 2824 .
419 2817 426 2824 .
451 2794 744 2834 propinquitatem]
796 2794 848 2824 110
935 2796 1049 2825 bellum
1065 2796 1134 2825 sine
1150 2795 1308 2834 tnmmltu]
1340 2799 1347 2811 ⁴
1362 2795 1479 2825 belluni
1497 2799 1530 2824 nt
1548 2793 1665 2823 tuinul-

73 2848 136 2868 was
154 2837 322 2868 Antonius’
339 2838 441 2873 uncle,
460 2838 507 2867 his
529 2837 682 2867 inother's
707 2837 845 2867 brother.
891 2840 942 2868 tus
969 2848 1032 2868 non
1057 2838 1118 2868 sit’
1149 2838 1256 2873 Halm,
1284 2838 1363 2868 from
1394 2838 1532 2867 Isi-lorus
1557 2837 1665 2875 Origg.

72 2883 125 2903 —‘
140 2881 172 2910 in
193 2881 309 2911 sororis
336 2881 401 2910 viro
420 2880 438 2910 ι’
470 2880 532 2910 this
558 2880 583 2909 is
610 2880 774 2915 Lentulus,
792 2880 847 2910 tho
890 2881 975 2911 xviii.
1006 2882 1032 2912 l.
1055 2882 1086 2917 7,
1104 2881 1175 2911 who
1204 2884 1316 2920 quotes
1341 2884 1467 2919 ‘potest-
1491 2880 1573 2909 enini
1604 2901 1611 2908 .
1630 2900 1636 2908 .
1656 2901 1663 2908 .

73 2924 270 2964 conspirator
285 2933 349 2954 nc.
365 2925 417 2954 63.
452 2923 512 2954 See
529 2923 567 2953 Iu
583 2923 654 2953 Cat.
671 2923 711 2953 iv.
729 2924 759 2960 6,
782 2923 845 2953 and
889 2924 1020 2954 ductum
1037 2928 1085 2954 est
1101 2923 1280 2955 tumultus)
1315 2923 1356 2953 V¹
1372 2923 1427 2953 has
1441 2927 1448 2940 ⁴
1461 2926 1496 2952 ut
1508 2921 1665 2951 tumultus
