1816 3211
135 179 219 221 516
287 177 464 219 ORAT.
499 174 1015 218 PHILIPPIOARUM
1052 172 1239 214 LIBER
1273 172 1614 214 SECUNDUS.

134 292 332 348 auspiciis
360 291 567 348 judicium
612 290 807 332 interitus
844 287 1035 330 Caesaris
1067 284 1265 328 sustulit?
1338 285 1422 326 Sed
1453 286 1577 327 incidi
1611 285 1649 326 in
1684 285 1726 326 id

135 363 314 413 tempus,
341 357 451 411 quod
473 356 537 396 his
558 355 691 399 rebus,
712 354 751 394 in
768 367 870 408 quas
892 352 1078 406 ingressa
1099 357 1190 392 erat
1211 350 1359 399 oratio,
1382 351 1726 405 praevertendum

135 427 212 464 est.
276 422 391 473 Quae
421 427 494 462 tua
522 420 633 473 fuga,
658 433 764 472 quae
793 417 968 457 formido
999 416 1211 470 praeclaro
1234 416 1300 455 illo
1323 415 1404 461 die,
1430 429 1534 469 quae
1555 421 1727 470 propter

136 486 435 529 conscientiam
463 485 666 525 scelerum
695 481 933 536 desperatio
965 481 1100 522 vitae?
1132 496 1257 536 quum
1293 495 1344 520 ex
1380 479 1448 520 illa
1479 479 1577 533 fuga
1606 481 1726 520 bene-

135 552 228 592 ficio
263 565 417 598 eorum,
449 549 516 604 qui
539 554 594 601 te,
617 547 651 588 si
678 561 803 587 sanus
835 561 960 595 esses,
992 546 1151 586 salvum
1179 560 1271 587 esse
1294 545 1522 593 voluerunt,
1557 544 1660 584 clam
1683 548 1726 584 tc

135 617 301 656 domum
336 613 557 668 recepisti?
619 611 654 652 O
677 626 768 652 mea
798 612 956 652 frustra
977 625 1138 666 semper
1159 610 1373 651 verissima
1394 608 1568 664 auguria
1588 623 1727 649 rerum

133 680 382 721 futurarum.
445 678 650 718 Dicebam
682 676 761 717 illis
782 676 823 717 in
846 676 1053 731 Capitolio
1085 675 1380 716 liberatoribus
1407 673 1577 722 nostris,
1601 688 1728 728 quum

135 760 200 786 me
222 745 275 785 ad
296 749 340 785 te
361 743 419 784 ire
440 743 606 792 vellent,
637 746 686 783 ut
717 742 771 782 ad
803 742 1106 782 defendendam
1137 755 1226 782 rem
1261 740 1470 796 publicam
1504 744 1547 780 te
1579 739 1727 781 adhor-

134 815 259 857 tarer,
283 808 420 864 quoad
448 812 658 852 metueres
680 806 818 848 onmia
845 811 888 848 te
918 805 1244 861 promissurum3
1279 805 1399 846 simul
1421 820 1469 846 ac
1490 804 1638 846 timere
1659 804 1728 845 de-

135 875 272 924 sisses,
307 873 483 915 similem
519 878 562 914 te
597 873 784 913 futurum
821 872 898 913 tui.
960 872 1113 926 Itaque
1153 886 1279 926 quum
1321 870 1451 912 ceteri
1492 869 1729 911 consulares

136 940 259 989 irent,
282 939 478 988 redirent,
513 938 554 978 in
585 937 796 979 sententia
816 937 975 985 mansi3
1009 951 1143 992 neque
1164 941 1206 977 te
1228 936 1295 976 illo
1317 936 1382 976 die
1403 949 1536 990 neque
1558 939 1729 990 postero

136 1005 235 1054 vidi,
265 1018 398 1059 neque
429 1003 555 1044 ullam
586 1003 831 1044 societatem
859 1002 1027 1057 optimis
1062 1001 1217 1042 civibus
1248 1015 1342 1042 cum
1373 999 1728 1054 importunissimo

137 1070 258 1110 hoste
294 1068 459 1109 foedere
501 1067 582 1108 ullo
616 1067 849 1108 confirmari
885 1081 1008 1122 posse
1042 1066 1210 1107 credidi.
1273 1065 1381 1106 Post
1413 1065 1521 1105 diem
1555 1064 1729 1105 tertium

137 1134 228 1175 veni
260 1134 301 1174 in
342 1133 488 1174 aedem
522 1132 699 1172 Telluris
740 1136 783 1173 et
823 1132 991 1186 quidem
1030 1131 1194 1181 invitus,
1239 1145 1366 1185 quum
1407 1144 1551 1171 omnes
1589 1129 1730 1170 aditus

136 1199 287 1240 armati
304 1199 558 1239 obsiderent.
603 1196 683 1249 Qui
705 1196 781 1237 tibi
803 1196 891 1236 dies
907 1196 985 1243 ille,
1004 1194 1111 1250 [M.]
1135 1195 1307 1243 Antoni,
1322 1195 1427 1236 fuit?
1470 1195 1729 1249 Quamquam

139 1264 240 1305 mihi
282 1263 473 1303 inimicus
514 1261 654 1303 subito
687 1261 901 1310 exstitisti,
935 1266 1076 1302 tamen
1110 1275 1177 1301 me
1208 1260 1271 1300 tui
1301 1259 1482 1310 miseret,
1515 1260 1624 1315 quod
1652 1259 1731 1299 tibi

136 1328 344 1370 invideris.
407 1326 644 1367 XXXVI.
679 1326 760 1378 Qui
793 1330 842 1367 tu
870 1325 942 1376 vir,
974 1325 1030 1366 dii
1061 1325 1329 1376 immortales,
1355 1330 1398 1367 et
1420 1330 1602 1380 quantus
1631 1324 1730 1365 fuis-

138 1409 215 1444 ses,
252 1394 284 1434 si
318 1392 425 1433 illius
461 1392 541 1432 diei
573 1396 757 1432 mentem
791 1405 958 1432 servare
991 1391 1213 1446 potuisses.
1275 1391 1432 1431 Pacem
1471 1391 1728 1439 haberemus,

137 1474 243 1514 quae
278 1462 368 1499 erat
403 1457 517 1498 facta
550 1472 624 1512 per
663 1456 862 1507 obsidem,
901 1471 1077 1511 puerum
1118 1456 1310 1505 nobilem,
1350 1456 1414 1496 M.
1448 1455 1731 1496 Bambalionis

137 1527 345 1578 nepotem.
408 1523 670 1577 Quamquam
710 1523 863 1562 bonum
903 1526 947 1562 te
987 1522 1113 1562 timor
1154 1521 1346 1571 faciebat,
1387 1536 1471 1562 non
1511 1521 1730 1561 diuturnus

139 1588 342 1643 magister
370 1586 506 1637 officii,
534 1587 766 1641 improbum
797 1586 898 1627 fecit
919 1601 968 1627 ea
988 1601 1094 1641 quae
1116 1586 1214 1626 dum
1245 1586 1371 1627 timor
1390 1587 1511 1627 abest
1530 1600 1556 1626 a
1577 1590 1618 1626 te
1646 1600 1730 1625 non

138 1654 316 1695 discedit
341 1652 530 1693 audacia.
576 1652 671 1692 Etsi
692 1658 782 1692 tum
806 1666 932 1706 quum
955 1651 1159 1706 optimum
1177 1655 1220 1692 te
1242 1652 1459 1706 putabant,
1477 1665 1544 1691 me
1565 1650 1729 1704 quidem

138 1718 425 1765 dissentiente,
458 1717 592 1757 funeri
624 1715 803 1770 tyranni,
827 1716 861 1756 si
890 1716 988 1756 illud
1008 1717 1132 1756 funus
1152 1716 1242 1765 fuit,
1273 1715 1592 1756 sceleratissime
1614 1730 1730 1770 prae-

140 1783 271 1824 fuisti.
334 1781 426 1821 Tua
461 1781 529 1821 illa
563 1781 739 1835 pulchra
773 1781 970 1830 laudatio,
1004 1786 1078 1822 tua
1111 1780 1338 1830 miseratio,
1372 1786 1448 1822 tua
1479 1781 1729 1823 cohortatio.

140 1848 220 1896 Tu,
243 1852 302 1896 tn,
326 1846 508 1900 inquam,
541 1845 630 1884 illas
662 1845 774 1885 faces
810 1845 1042 1895 incendisti,
1066 1850 1109 1886 et
1136 1859 1207 1885 eas
1239 1845 1387 1900 quibus
1418 1846 1731 1887 semiustulatus

141 1913 208 1954 ille
225 1916 303 1961 est,
326 1916 369 1952 et
392 1924 463 1951 eas
486 1909 822 1964 quibusincensa
845 1910 893 1951 L.
910 1910 1086 1951 Bellieni
1099 1911 1250 1951 domus
1267 1910 1528 1966 deflagravit.
1562 1911 1626 1952 Tu
1640 1912 1731 1953 illos

181 2040 466 2080 praevertendum]
524 2040 565 2070 D.
600 2039 657 2069 has
688 2042 696 2056 ‘
713 2042 914 2079 praetereun-

143 2084 299 2113 dum.'-—‘
312 2084 360 2113 his
375 2083 468 2113 rebus
483 2082 490 2096 ’
507 2083 534 2113 is
558 2083 612 2112 the
633 2082 735 2112 dative
750 2095 756 2112 :
782 2087 789 2099 ‘
804 2083 820 2112 Ι
837 2083 915 2113 have

142 2127 240 2156 fallen
260 2137 302 2156 on
320 2127 376 2156 the
396 2126 538 2155 mention
559 2126 594 2155 of
617 2135 635 2154 a
660 2125 746 2161 time,
769 2125 871 2155 which
899 2126 914 2155 Ι

961 2040 1019 2070 See
1044 2040 1177 2077 Introd,
1209 2040 1271 2071 and
1300 2051 1447 2081 compare
1471 2042 1551 2072 Phil.
1577 2042 1620 2072 iii.
1647 2053 1673 2073 c.
1700 2045 1730 2074 6.

960 2084 1124 2114 Manutius
1148 2085 1333 2124 incorrectly
1360 2085 1517 2124 supposed
1541 2086 1610 2115 that
1634 2086 1731 2115 Bam·

959 2126 1041 2157 balio
1065 2137 1127 2157 was
1153 2127 1268 2156 Fadius
1295 2127 1349 2157 the
1375 2127 1477 2157 father
1502 2128 1537 2158 of
1559 2128 1729 2158 Antonius'

145 2173 231 2199 must
261 2169 357 2208 speak
384 2169 420 2198 of
440 2169 545 2198 before
569 2168 657 2198 these
682 2172 813 2198 matters
840 2169 916 2198 with

143 2212 246 2241 which
263 2212 278 2241 I
296 2212 357 2241 had
373 2211 500 2250 begun.’
548 2211 643 2240 Halm
659 2211 716 2240 has
730 2212 786 2241 ‘iis
797 2211 913 2241 rebus.'

145 2259 196 2276 —‘
212 2255 301 2288 Quae
325 2258 380 2284 tua
405 2253 511 2293 fuga?
540 2264 591 2283 see
617 2254 672 2283 the
700 2254 875 2284 Introd.—‘
890 2255 916 2284 si

143 2307 239 2327 sanus
261 2307 344 2327 esses
358 2296 378 2327 τ’
396 2300 404 2313 ⁴
418 2298 444 2327 si
470 2297 551 2327 bene
575 2297 614 2326 de
638 2306 673 2326 re
695 2297 820 2336 publica
845 2307 915 2327 sen-

144 2340 220 2370 tires
234 2341 241 2353 ’
260 2339 434 2380 (Abrami).

188 2384 222 2412 in
251 2383 425 2422 Capitolio]
468 2382 527 2413 See
552 2382 608 2412 the
636 2382 757 2412 Introd.
804 2383 913 2413 Cicero

145 2425 258 2455 visited
288 2426 342 2456 the
373 2426 553 2455 Liberators
587 2425 620 2455 in
650 2425 705 2454 the
735 2425 915 2464 Capitol.—

145 2467 258 2503 ‘irent‚
284 2468 455 2498 redirent?
487 2471 587 2498 ‘were
617 2467 713 2507 going
736 2468 916 2498 backwards

146 2510 208 2539 and
223 2510 369 2541 forwards
385 2515 418 2541 to
435 2510 518 2550 you.'

189 2552 272 2583 Post
288 2554 368 2583 diem
385 2553 532 2593 tertium]
581 2553 653 2583 ‘On
677 2553 733 2583 the
756 2553 839 2583 third
856 2554 915 2593 day

144 2595 247 2624 after!
285 2596 361 2625 This
377 2597 402 2625 is
419 2607 436 2625 a
448 2597 571 2626 Roman
584 2596 664 2625 form
676 2596 711 2625 of
723 2597 913 2635 expression.

146 2637 178 2667 It
194 2647 255 2666 was
275 2638 329 2666 the
354 2639 427 2673 l7th
451 2640 486 2668 of
506 2639 618 2668 March
634 2639 729 2678 (Phil.
747 2639 767 2668 i.
784 2649 809 2670 c.
830 2639 915 2679 l).—

147 2683 155 2697 ‘
169 2680 253 2719 quod
270 2680 326 2709 tibi
343 2682 488 2711 invideris
500 2682 519 2711 ε’
545 2687 551 2698 ¹
566 2682 636 2711 that
658 2691 719 2720 you
742 2682 820 2711 bavo
837 2682 915 2712 been

146 2732 225 2761 your
241 2732 310 2752 own
327 2724 460 2762 enemy‚‘
478 2725 547 2754 that
570 2734 632 2763 you
658 2725 737 2754 have
762 2728 817 2754 not
841 2735 915 2754 con-

146 2765 250 2795 sulted
265 2775 343 2804 your
359 2775 427 2795 own
451 2768 640 2805 reputation,
657 2767 748 2798 when
769 2777 829 2806 you
855 2768 914 2797 had

146 2808 225 2837 such
240 2818 279 2837 an
296 2809 508 2848 opportunity.

189 2851 242 2881 36.
262 2860 323 2889 per
339 2851 491 2891 obsidem]
540 2852 708 2882 Antonius’
730 2862 836 2892 young
858 2862 915 2882 son

146 2893 189 2933 by
206 2893 324 2930 Fulvia,
341 2893 388 2923 M.
403 2893 529 2924 Fulvius
547 2895 738 2926 Bambalio’s
750 2895 914 2934 daughter.

960 2170 1028 2199 first
1059 2170 1192 2199 wife—⁴
1204 2169 1306 2199 funeri
1335 2171 1461 2209 tyranni
1471 2169 1492 2199 τ’
1525 2180 1576 2201 see
1606 2171 1729 2200 Introd.

960 2213 1047 2242 Dion
1074 2213 1141 2252 (44,
1172 2223 1198 2242 c.
1227 2214 1369 2251 36—49)
1401 2213 1457 2242 has
1487 2214 1578 2252 given
1608 2224 1646 2244 us
1675 2214 1730 2244 the

960 2256 1073 2294 speech
1096 2256 1132 2285 of
1152 2256 1321 2291 Antonius,
1354 2259 1391 2285 ‘a
1411 2266 1485 2296 very
1515 2257 1639 2296 elegant
1668 2257 1730 2286 and

960 2298 1103 2338 splendid
1128 2298 1264 2338 speech,’
1287 2308 1357 2337 says
1383 2299 1476 2335 Dion,
1502 2299 1560 2329 but
1578 2300 1669 2329 made
1689 2299 1731 2339 by

960 2341 1045 2371 Dion
1071 2341 1205 2377 himself,
1233 2351 1267 2371 as
1298 2341 1465 2372 Casaubon
1490 2342 1608 2382 rightly
1638 2352 1728 2382 says;

958 2384 1020 2413 and
1036 2394 1054 2413 a
1069 2388 1152 2414 most
1167 2384 1283 2414 fustian
1299 2385 1387 2414 affair
1401 2385 1427 2414 it
1442 2385 1478 2414 is.

1002 2428 1259 2464 semiustulatus]
1328 2430 1336 2444 ⁴
1350 2428 1564 2458 semustilatus
1581 2426 1589 2440 ’
1621 2427 1729 2458 Halm.

959 2473 1013 2492 —‘
1023 2469 1091 2499 illas
1107 2469 1189 2499 faces
1202 2469 1222 2499 ι’
1241 2479 1292 2499 see
1307 2469 1361 2499 the
1377 2470 1553 2500 Introd.-—‘
1565 2469 1728 2500 Bellieniz'

960 2513 1001 2542 he
1016 2522 1088 2551 may
1103 2512 1142 2542 be
1158 2513 1213 2542 the
1229 2523 1301 2542 man
1315 2513 1386 2542 who
1409 2513 1434 2542 is
1454 2513 1634 2543 mentioned
1656 2513 1689 2543 in
1711 2523 1730 2542 a

960 2555 1054 2585 letter
1070 2555 1106 2584 of
1117 2555 1165 2585 M.
1183 2555 1306 2585 Caelius
1322 2558 1354 2585 to
1372 2555 1480 2586 Cicero
1496 2555 1563 2595 (Ad
1580 2556 1652 2586 Div.
1664 2556 1729 2586 viii.

964 2598 1081 2637 15).-‘
1092 2598 1124 2627 in
1148 2597 1302 2628 nostras:’
1331 2598 1370 2627 he
1395 2609 1464 2637 says
1492 2603 1499 2615 ‘
1514 2609 1571 2628 our
1593 2597 1730 2634 houseS‚'

959 2641 1021 2670 and
1037 2641 1102 2669 also
1118 2641 1240 2679 writing
1262 2644 1296 2671 to
1317 2641 1441 2670 Atticus
1458 2641 1534 2681 (xiv.
1556 2643 1607 2679 10)
1622 2653 1629 2669 :
1655 2641 1730 2670 “At

960 2683 1013 2712 ille
1029 2683 1171 2723 (Caesar)
1188 2684 1280 2713 etiam
1298 2684 1329 2713 in
1346 2684 1412 2713 foro
1425 2684 1607 2714 combustus
1622 2683 1729 2713 lauda-

960 2730 1074 2765 tusque
1090 2726 1317 2761 miserabiliter,
1336 2727 1477 2766 servique
1500 2731 1532 2756 et
1553 2729 1680 2764 egentes
1695 2726 1729 2756 in

959 2772 1043 2798 tecta
1059 2774 1167 2798 nostra
1182 2779 1252 2798 cum
1269 2769 1388 2799 facibus
1403 2768 1568 2799 immissi.''
1616 2768 1727 2797 Sueto-

960 2812 1032 2840 nius
1062 2811 1200 2850 (Caesar,
1228 2822 1254 2840 c.
1283 2813 1338 2851 85)
1369 2812 1480 2851 speaks
1509 2810 1583 2849 only
1611 2811 1647 2840 of
1673 2811 1728 2841 the

960 2854 1074 2883 houses
1089 2854 1124 2884 of
1144 2855 1192 2884 M.
1210 2854 1328 2884 Brutus
1344 2855 1405 2884 and
1421 2853 1548 2884 Cassius
1570 2853 1664 2892 being
1681 2858 1728 2884 at-

959 2896 1082 2926 tacked.
