1816 3211
142 166 218 205 158
699 162 1183 205 INTRODUCTION.

189 278 228 316 V
251 293 295 311 z
319 276 438 315 codex
471 276 653 314 tabularii
681 276 861 315 basilicae
896 276 1122 323 Vaticanae,
1151 275 1264 327 cujus
1293 275 1502 314 fasciculus
1534 276 1729 315 secundus

244 352 342 377 saec.
362 338 440 376 viii.
462 338 632 388 scriptus
652 342 802 388 partem
831 338 1020 376 orationis
1040 337 1230 375 eontinet.
1289 337 1472 375 Codicem
1500 342 1591 390 post
1615 339 1731 377 Faer-

241 414 337 438 num
357 400 500 437 iterum
521 399 689 437 conbulib
712 399 916 437 Garatoni.

189 461 224 498 E
247 478 291 494 Ξ
314 461 434 498 codex
454 459 712 497 Erfurtensis.

189 523 224 560 F
247 539 291 556 z
315 521 433 559 codex
453 520 716 570 Frisingensis
737 533 835 558 saec.
855 533 916 557 xv.
937 533 1046 558 num.
1067 522 1158 568 520,
1176 533 1284 558 nunc
1303 520 1566 559 Monacensis.

192 584 231 622 Gr
254 600 296 616 =
321 583 440 620 codex
460 581 713 632 Erlangensis
734 594 834 619 saec,
854 594 914 619 xv.

189 645 237 681 M
259 660 303 677 Ξ
327 643 446 681 codex
466 642 719 680 Monacensis
739 642 997 681 bibliothecae
1016 642 1234 680 electoralis
1254 655 1352 681 saec.
1372 655 1432 680 xv.
1452 657 1559 681 num.
1581 645 1643 682 68.

189 706 221 744 P
244 722 287 738 =
310 704 499 743 lectiones
520 703 662 742 codicis
683 703 903 742 Pithoeani.

190 768 214 805 S
239 783 282 800 :-
306 766 425 804 codex
460 765 768 816 Salisburgensis
798 765 960 812 aulicus,
998 778 1105 803 nunc
1143 763 1397 803 Monacensis
1430 765 1525 803 Cod.
1564 766 1653 803 Lab.
1686 779 1726 803 n.

241 828 386 866 15734.
444 828 568 865 Hunc
587 831 627 865 et
648 827 681 864 F
705 827 743 865 G
762 826 811 864 Μ
829 826 913 877 ipse
933 826 1098 864 excussi.
1715 827 1718 830 ”

190 890 220 928 O
245 906 289 922 =
313 889 347 927 E
367 889 400 927 F
423 889 462 927 Gr
481 889 529 926 M
550 889 581 926 P
602 889 627 926 S
657 888 736 926 sive
767 887 876 925 codd.
907 888 1097 938 vulgares,
1128 887 1195 938 qui
1223 900 1338 938 quam
1369 887 1544 939 corrupti
1574 887 1655 926 sinb
1683 887 1725 924 in

240 951 312 989 hac
338 950 514 989 oratione
534 963 581 988 ex
606 950 685 988 illis
715 949 799 1000 ejus
819 949 996 1000 partibus
1022 962 1121 1000 quae
1140 949 1182 987 in
1202 949 1233 986 Τ
1257 949 1296 987 V
1316 953 1491 988 servatae
1515 954 1610 988 sunt
1629 948 1725 987 satis

238 1016 411 1064 apparet.
