1816 3211
70 198 152 242 472
245 197 423 239 ORAT.
457 195 971 238 PHILIPPIOARUM
1009 194 1197 235 LIBER
1230 194 1484 236 PRIMUS.

70 312 230 361 deindo,
254 311 289 353 si
315 312 396 352 hoc
428 326 509 352 non
536 310 728 365 impetro,
761 313 860 364 pcto
888 314 937 349 ut
970 307 1030 349 sic
1058 307 1266 349 irascatur
1292 313 1339 350 ut
1367 308 1458 349 civi.
1521 308 1663 349 Armis

68 383 225 426 utatur,
269 377 303 418 si
345 377 404 418 ita
444 390 614 416 11000550
657 380 732 424 cst,
770 380 817 414 ut
858 374 972 422 dicit,
1009 373 1072 413 sui
1114 372 1358 414 defendendi
1395 389 1564 416 caussa:
1615 374 1665 414 iis

69 443 138 497 qui
171 458 244 497 pro
278 458 321 482 re
354 441 520 496 publica
561 454 667 493 quae
709 438 810 493 ipsis
842 438 931 478 visa
964 443 1087 479 0111111
1125 438 1309 479 dixerint
1342 438 1422 478 ista
1461 453 1574 479 arma
1613 454 1665 479 ne

69 512 261 547 noceant.
325 506 433 557 Quid
464 506 541 544 hac
573 503 855 558 postulatione
878 502 958 542 dici
981 507 1123 557 potest
1144 503 1342 558 aequius?
1404 504 1525 555 Quod
1547 503 1594 553 si,
1618 508 1667 544 ut

68 572 168 612 1111111
201 587 225 611 3
258 570 506 625 quibusdam
540 569 629 623 ejus
662 567 934 608 familiaribus
966 567 1124 608 dictum
1153 573 1230 617 est,
1262 567 1397 608 01111115
1433 582 1527 608 eum
1561 583 1666 622 (11130

69 637 247 677 habetur
284 640 432 675 contra
468 633 727 674 voluntatem
764 633 854 687 ejus
895 634 1030 673 oratio
1067 633 1252 687 graviter
1284 632 1470 680 offendit,
1505 633 1668 674 etiamsi

68 701 180 741 nulla
201 700 311 740 inest
337 698 600 748 contumelia,
625 698 805 738 feremus
833 698 955 738 amici
981 702 1190 739 naturam.
1253 698 1336 738 Sed
1367 698 1490 738 iidem
1521 697 1579 738 illi
1609 698 1670 738 ita.

68 780 230 806 mecum
260 764 510 819 loquuntur:
548 763 643 803 Non
675 762 785 803 idem
815 762 892 804 tibi
923 763 1161 803 adversario
1185 762 1377 804 Caesaris
1397 762 1540 803 licebit
1560 763 1669 817 quod

71 830 216 871 Pisoni
244 835 492 871 socero—et
519 828 641 870 simul
661 829 889 869 admonent
919 828 1115 884 quiddam
1144 829 1255 883 quod
1284 828 1671 869 cavebimus—Nec

71 896 151 936 erit
180 895 334 950 justior
369 895 411 935 in
447 898 637 934 senatum
668 908 752 934 non
779 893 973 934 veniendi
1009 893 1143 934 morbi
1177 907 1325 934 caussa
1357 907 1481 947 quam
1509 893 1668 933 mortis.

72 960 187 1002 XII.
222 960 305 1000 Sed
335 974 409 1014 per
440 960 541 999 deos
571 958 842 1008 11111110113105,
865 964 909 1000 10
938 959 1047 1000 0111111
1074 959 1253 1007 intuens,
1280 958 1509 1008 Dolabella,
1535 957 1604 1013 qui
1626 972 1671 998 es

69 1025 169 1066 mihi
205 1024 458 1074 carissimus,
482 1039 565 1064 non
596 1039 767 1079 possum
793 1024 1010 1079 utriusque
1043 1028 1230 1065 vestrum
1261 1038 1446 1064 errorem
1481 1024 1670 1064 reticere.

72 1090 207 1131 Credo
241 1090 349 1130 enim
377 1104 451 1129 vos
489 1089 648 1129 nobiles
679 1089 867 1130 homines
899 1104 1051 1143 magna
1080 1090 1284 1143 quaedam
1318 1093 1560 1144 spectantes
1588 1103 1671 1128 non

70 1155 301 1210 pecuniam,
340 1163 388 1194 111
424 1154 589 1209 (1111(13111
622 1154 744 1194 11111115
777 1154 933 1194 creduli
970 1154 1247 1209 suspicantur,
1284 1169 1389 1208 quae
1423 1169 1587 1208 semper
1618 1153 1671 1193 ab

71 1219 326 1273 amplissimo
349 1233 512 1273 (1110(1110
534 1219 847 1273 clarissimoque
870 1223 1113 1273 contempta
1142 1224 1218 1268 est,
1242 1233 1325 1259 non
1348 1233 1446 1273 opes
1468 1218 1672 1259 violentas

72 1289 116 1325 et
156 1284 309 1338 populo
352 1283 543 1324 Romano
586 1283 753 1324 minime
795 1284 1005 1324 ferendam
1047 1283 1292 1338 potentiam,
1336 1284 1409 1324 sed
1451 1284 1671 1324 caritatem

73 1348 223 1389 civium
258 1354 302 1389 et
330 1347 504 1403 gloriam
526 1348 826 1403 concupivisse.
889 1348 970 1389 Est
1003 1353 1144 1389 autem
1172 1348 1306 1403 gloria
1333 1348 1424 1389 laus
1445 1355 1558 1389 recte
1588 1348 1672 1389 fac-

71 1417 212 1455 torum
254 1427 585 1467 magnorumque
633 1413 674 1453 in
714 1428 801 1453 rem
853 1413 1062 1468 publicam
1101 1413 1358 1464 meritorum,
1401 1428 1506 1468 quae
1546 1428 1673 1469 quum

73 1478 221 1533 optimi
254 1478 468 1532 cujusque,
502 1484 593 1518 tum
624 1478 750 1518 etiam
781 1478 1061 1520 multitudinis
1091 1478 1332 1519 testimonio
1363 1479 1672 1534 comprobatur.

74 1543 284 1592 Dicerem,
330 1542 563 1592 Dolabella,
607 1543 677 1598 qui
721 1548 836 1584 recte
886 1544 1096 1585 factorum
1136 1544 1298 1584 fructus
1345 1548 1470 1593 esset,
1510 1543 1590 1584 nisi
1630 1549 1674 1584 te

73 1616 240 1665 praeter
273 1612 438 1649 ceteros
473 1607 697 1663 paullisper
732 1623 824 1649 esse
858 1614 1076 1664 expertum
1111 1608 1310 1650 viderem.
1378 1609 1512 1661 Quem
1551 1614 1673 1663 potes

74 1673 284 1715 recordari
313 1673 355 1713 in
383 1673 469 1714 vita
495 1673 677 1714 illuxisse
702 1673 779 1714 tibi
817 1673 926 1714 diem
954 1673 1168 1715 laetiorem
1197 1688 1321 1728 quam
1349 1688 1473 1728 quum
1506 1672 1673 1727 expiato

76 1740 178 1789 foro,
231 1737 434 1792 dissipato
483 1753 689 1778 concursu
744 1737 977 1792 impiorum,
1026 1738 1281 1793 principibus
1328 1738 1498 1779 sceleris
1540 1753 1675 1793 poena

77 1803 251 1853 affectis,
279 1802 402 1857 [urbe
423 1802 601 1842 incendii
623 1807 665 1843 et
687 1803 825 1843 caedis
846 1808 961 1844 metu
982 1802 1177 1858 liberata]
1198 1808 1240 1844 te
1263 1804 1431 1843 domum
1452 1803 1674 1858 recepisti?

80 1867 211 1922 Cujus
243 1867 410 1915 ordinis,
450 1867 570 1921 cujus
605 1866 782 1921 generis,
819 1868 938 1922 cujus
971 1868 1147 1922 denique
1183 1869 1379 1910 fortunae
1408 1868 1550 1908 studia
1583 1874 1675 1909 tum

77 1932 190 1974 laudi
219 1936 263 1974 et
292 1931 565 1986 gratulationi
598 1937 695 1973 tuae
728 1947 772 1972 50
805 1947 888 1973 11011
924 1933 1196 1974 obtulerunt?
1258 1933 1366 1985 Quin
1403 1932 1502 1973 mihi
1531 1933 1673 1982 etiam,

80 2012 162 2053 quo
189 2002 362 2038 auctore
382 2002 426 2038 te
447 1997 488 2037 in
510 1997 573 2037 his
604 1997 727 2037 rebus
757 1997 819 2037 uti
850 1998 1176 2048 arbitrabantur,
1202 2003 1245 2039 et
1277 1997 1437 2052 gratias
1468 1997 1567 2038 boni
1597 1998 1675 2039 viri

80 2062 264 2117 agebant
290 2067 334 2103 et
363 2066 437 2102 tuo
469 2061 635 2102 nomine
667 2062 1004 2117 gratulabantur.
1066 2062 1319 2113 Recordare,
1353 2076 1521 2117 quaeso,
1547 2062 1676 2104 Dola-

82 2127 199 2176 bella,
229 2141 475 2167 consensum
503 2126 617 2167 illum
649 2127 819 2178 theatri,
858 2142 984 2183 quum
1021 2142 1165 2169 omnes
1196 2142 1339 2169 earum
1369 2142 1508 2168 rerum
1540 2128 1672 2180 obliti,

118 2237 266 2275 feremus
281 2238 377 2267 amici
392 2238 560 2277 naturam]
611 2240 678 2269 ‘we
700 2239 763 2269 will
785 2239 860 2269 bear

86 2280 162 2310 with
191 2280 241 2310 his
274 2281 409 2310 humour
449 2281 512 2311 like
549 2282 680 2311 friends'
719 2281 857 2323 (Halm).

86 2326 138 2344 —‘
151 2323 235 2362 quod
252 2323 429 2353 cavebimus
441 2323 460 2353 :'
484 2325 560 2363 they
576 2325 637 2354 had
654 2326 776 2355 warned
794 2326 857 2355 him

87 2366 209 2404 against
233 2366 403 2396 Antonius'
432 2367 568 2406 designs.
618 2368 723 2405 Halm,
741 2369 860 2398 follow-

88 2408 142 2446 ing
158 2408 327 2444 Aubertus,
345 2419 496 2448 supposes
512 2410 581 2440 that
593 2411 648 2440 the
663 2411 765 2441 words
782 2415 788 2428 ‘
803 2421 861 2441 nec

89 2452 149 2480 erit
166 2473 173 2480 .
193 2473 200 2480 .
218 2473 225 2480 .
244 2452 366 2481 mortis'
389 2462 441 2482 are
462 2453 527 2482 also
551 2454 605 2484 the
628 2454 728 2484 words
752 2454 787 2484 of
806 2455 862 2484 the

902 2238 1105 2280 pervagata,’'
1124 2242 1180 2270 &c.

947 2285 1075 2322 expiato
1096 2282 1194 2322 foro]
1242 2281 1348 2312 When
1375 2282 1415 2312 he
1439 2282 1559 2312 cleared
1589 2292 1675 2321 away

904 2326 959 2356 the
979 2326 1099 2361 rabble,
1119 2325 1180 2355 and
1200 2325 1307 2364 pulled
1328 2325 1419 2355 down
1442 2326 1496 2355 the
1519 2326 1675 2355 columna.

906 2370 965 2398 See
981 2369 1123 2404 Introd.;
1147 2368 1210 2398 and
1232 2368 1285 2397 the
1308 2368 1402 2398 letter
1422 2368 1458 2398 of
1477 2368 1674 2407 congratula-

904 2412 972 2441 tion
989 2415 1021 2442 to
1040 2411 1203 2441 Dolabella
1220 2410 1283 2450 (Ad
1301 2411 1373 2440 Div.
1391 2411 1432 2440 ix.
1448 2410 1511 2451 14).
1557 2411 1675 2449 Every-

905 2454 988 2494 body
1019 2455 1088 2484 that
1119 2454 1226 2484 Cicero
1254 2457 1318 2483 met
1344 2453 1579 2493 congratulated
1610 2454 1675 2482 him

90 2493 217 2522 friends.
264 2494 303 2522 In
331 2504 415 2524 some
442 2496 575 2526 editions
602 2496 682 2527 after
713 2497 859 2536 ‘justior'

89 2535 179 2565 there
205 2536 231 2565 is
256 2539 263 2552 ⁴
278 2540 380 2574 patres
404 2539 593 2578 conscripti‚’
621 2540 675 2570 the
701 2540 861 2579 authority

89 2579 139 2608 for
152 2578 252 2607 which
270 2578 285 2607 Ι
302 2579 341 2608 (10
358 2584 413 2609 1101
433 2580 535 2611 know.
583 2583 620 2612 In
644 2586 651 2599 ⁴
665 2582 782 2613 morbi’
798 2583 860 2612 and

92 2620 237 2650 ‘mortis’
263 2621 351 2651 there
374 2622 400 2652 is
422 2632 461 2652 an
487 2624 688 2664 alliteraffion,
706 2636 740 2656 as
764 2626 861 2656 Klotz

91 2663 246 2694 observes.

139 2708 187 2736 12.
213 2707 267 2745 qui
294 2716 325 2736 es
351 2708 430 2736 mihi
452 2710 650 2749 carissimus]
678 2711 744 2740 “in
759 2710 800 2740 V.
818 2721 859 2740 m.

91 2751 112 2780 2
134 2749 278 2788 suppleta
299 2748 394 2778 sunt!
400 2749 461 2771 '—‘
473 2751 565 2781 nimis
581 2753 726 2783 creduli:’
752 2754 861 2792 ‘jocus

93 2791 164 2827 est‚’
190 2802 260 2831 says
278 2792 455 2821 Manutius.
502 2793 610 2824 Cicero
629 2796 693 2835 (Ad
713 2796 783 2826 Att.
799 2797 861 2826 xvi.

95 2834 148 2874 15)
177 2844 246 2874 says
270 2834 340 2864 that
365 2834 531 2864 Dolabella
552 2846 613 2866 was
635 2842 781 2878 ‘emptus
807 2849 862 2878 pe-

92 2877 261 2907 cunia.’—‘
274 2877 333 2907 Est
354 2880 458 2908 autem
478 2878 606 2915 gloria?
641 2890 785 2920 compare
802 2882 862 2912 Pro

91 2919 254 2957 Marcello,
286 2929 312 2950 c.
344 2922 384 2950 8:
425 2920 565 2950 “Gloria
595 2925 641 2951 051
670 2923 799 2954 illustris
828 2934 864 2955 ac

905 2507 947 2527 on
964 2497 1158 2527 Dolabella’s
1182 2497 1324 2532 services,
1342 2497 1404 2526 and
1426 2496 1566 2526 thanked
1589 2496 1675 2525 him:

907 2541 1065 2579 “Negant
1095 2540 1177 2570 euim
1209 2549 1241 2569 se
1270 2540 1413 2569 dubitare
1440 2539 1515 2578 quin
1539 2543 1575 2569 tu
1598 2538 1676 2568 meis

905 2584 1078 2622 praeceptis
1088 2587 1119 2612 et
1132 2582 1269 2612 consiliis
1281 2581 1502 2621 obtemperans
1514 2584 1675 2621 praestan-

905 2627 1061 2656 tissimum
1083 2629 1115 2655 te
1135 2626 1233 2655 civem
1252 2628 1284 2654 et
1307 2625 1495 2664 singularem
1517 2624 1676 2654 consulem

905 2668 1090 2708 praebeas.'’
1136 2669 1196 2698 We
1226 2668 1305 2697 have
1334 2671 1396 2697 two
1426 2667 1528 2707 copies
1551 2666 1587 2696 of
1612 2666 1676 2695 this

905 2712 1006 2741 letter.
1061 2711 1130 2741 The
1160 2710 1250 2741 other
1285 2711 1312 2740 is
1348 2710 1382 2740 in
1418 2720 1459 2740 an
1495 2708 1606 2748 epistle
1642 2711 1676 2738 to

905 2754 1030 2784 Atticus
1048 2754 1123 2794 (xiV.
1146 2755 1192 2789 17,
1210 2752 1267 2793 A).

951 2797 1087 2835 theatri]
1137 2797 1292 2835 Compare
1326 2795 1386 2825 Pro
1423 2794 1534 2829 Sestio,
1565 2803 1591 2823 0.
1624 2795 1676 2831 54,

906 2839 968 2869 and
985 2840 1039 2869 the
1054 2842 1210 2869 notes.——‘
1225 2848 1331 2868 earum
1346 2847 1448 2867 rerum
1462 2836 1482 2865 :'
1500 2836 1613 2873 during
1628 2837 1677 2866 his

907 2882 1067 2912 tribunate
1084 2882 1149 2922 (see
1165 2880 1315 2920 Introd.).
1362 2879 1445 2908 Dion
1464 2878 1530 2918 (42,
1547 2889 1573 2908 c.
1590 2881 1676 2909 29—-

907 2924 963 2964 33)
981 2925 1135 2955 describes
1157 2924 1220 2953 this
1240 2922 1403 2953 turbulent
1423 2921 1498 2951 time
1519 2924 1551 2951 at
1573 2921 1675 2950 Rome
