1816 3211
129 193 215 233 414
575 192 754 234 ORAT.
788 191 908 232 PRO
942 190 993 243 Q.
1028 190 1285 231 LIGARIO

129 305 236 346 firmi
257 309 386 360 atque
408 304 562 360 magni.
625 305 802 356 Quaero,
829 303 938 356 Quid
960 302 1113 347 facturi
1143 303 1314 345 fuistis?
1343 319 1596 360 quamquam
1630 306 1729 361 quid

128 371 281 412 facturi
314 370 480 411 fueritis
514 370 714 419 dubitem,
754 383 882 423 quum
914 367 1078 409 videam
1111 368 1211 424 quid
1247 368 1457 411 feceritis?
1520 370 1729 412 Prohibiti

129 436 232 477 estis
261 436 301 476 in
332 435 544 490 provincia
574 439 714 475 vestra
747 433 895 487 pedem
930 447 1096 488 ponere,
1133 438 1178 475 et
1211 433 1410 488 prohibiti
1438 448 1600 475 summa
1635 450 1728 476 cum

129 501 291 556 injuria.
356 499 574 551 Quomodo
597 499 637 538 id
659 498 816 539 tulistis
834 498 847 538 ἓ
877 503 1077 553 acceptae
1099 497 1275 552 injuriae
1297 499 1508 553 querelam
1529 500 1583 540 ad
1605 514 1729 554 quem

130 565 341 607 detulistis
359 566 371 605 ἓ
423 564 584 618 Nempe
606 564 659 603 ad
682 577 776 603 eum
799 563 918 617 cujus
939 563 1241 604 auctoritatem
1263 563 1399 604 secuti
1421 564 1461 604 in
1483 564 1730 606 societatem

129 630 225 671 belli
246 629 466 670 veneratis.
531 629 653 681 Quod
682 627 717 668 si
747 627 942 669 Caesaris
973 642 1121 669 caussa
1143 628 1184 668 in
1206 628 1460 683 provinciam
1483 629 1728 679 veniebatis,

128 696 181 736 ad
206 710 301 735 eum
333 695 522 750 profecto
556 692 715 734 exclusi
748 692 961 747 provincia
993 692 1228 733 venissetis.
1292 692 1486 733 Venistis
1520 693 1573 733 ad
1604 693 1730 734 Pom-

129 761 279 816 peium.
343 760 460 812 Quae
497 764 562 800 est
599 773 699 814 ergo
736 759 840 799 haec
868 758 979 813 apud
1013 757 1237 799 Caesarem
1270 758 1450 813 querela,
1475 773 1604 813 quum
1630 760 1726 799 ‘eum

128 825 336 867 accusetis
371 840 396 865 a
432 839 515 880 quo
547 823 779 879 queramini
816 822 1051 878 prohibitos
1087 837 1179 864 esse
1214 837 1286 864 vos
1320 828 1469 864 contra
1507 822 1727 864 Caesarem

128 905 274 945 gerere
294 889 477 930 bellum?
537 890 684 943 Atque
706 888 748 928 in
768 888 848 928 hoc
871 887 1039 942 quidem
1060 888 1124 928 vel
1151 902 1245 929 cum
1275 888 1508 938 mendacio,
1533 888 1568 929 si
1589 887 1727 938 vultis,

128 954 362 1011 gloriemini
396 969 469 1009 per
499 968 566 994 me
599 953 710 1001 licet,
734 967 808 993 vos
838 952 1095 1007 provinciam
1121 952 1250 993 fuisse
1284 952 1452 994 Caesari
1483 952 1729 994 tradituros.

130 1020 310 1062 Etiamsi
343 1035 368 1060 a
392 1020 509 1060 Varo
543 1025 586 1060 et
614 1033 639 1059 a
669 1018 919 1074 quibusdam
948 1017 1038 1058 aliis
1079 1017 1280 1072 prohibiti
1315 1018 1429 1066 estis,
1468 1032 1547 1073 ego
1586 1023 1729 1058 tamen

129 1086 361 1126 confitebor
390 1084 555 1139 culpam
585 1098 675 1124 esse
712 1082 870 1138 Ligarii
893 1082 963 1137 qui
984 1097 1058 1123 vos
1079 1087 1224 1123 tantae
1245 1082 1379 1123 laudis
1407 1082 1626 1123 occasione
1647 1083 1730 1137 pri-

128 1147 300 1189 vaverit.
366 1147 450 1187 IX.
478 1147 561 1187 Sed
584 1146 688 1196 vide,
713 1160 880 1200 quaeso,
907 1144 954 1185 O.
977 1144 1143 1194 Caesar,
1170 1145 1453 1185 constantiam
1474 1145 1729 1185 ornatissimi

129 1213 205 1253 viri
244 1211 536 1267 [Tuberonis]⁷
577 1225 703 1265 quam
743 1224 834 1265 ego,
873 1208 1061 1263 quamvis
1101 1209 1189 1263 ipse
1227 1209 1462 1263 probarem,
1499 1214 1547 1248 ut
1581 1210 1728 1263 probo,

128 1282 270 1319 tamen
298 1291 381 1317 non
417 1289 798 1324 commemorarem,
832 1273 912 1314 nisi
945 1288 970 1314 a
1001 1278 1045 1314 te
1076 1273 1364 1328 cognovissem
1393 1273 1435 1313 in
1463 1273 1608 1328 primis
1638 1289 1730 1314 eam

128 1342 328 1384 virtutem
357 1341 490 1381 solere
525 1339 696 1380 laudari.
761 1339 878 1391 Quae
911 1338 992 1379 fuit
1024 1338 1155 1394 igitur
1176 1353 1373 1393 umquam
1394 1338 1435 1378 in
1457 1339 1540 1379 ullo
1562 1339 1729 1380 homine

128 1413 248 1450 tanta
280 1405 545 1447 constantia?
578 1405 863 1446 constantiam
894 1403 1017 1445 dico?
1048 1403 1188 1444 nescio
1221 1418 1274 1443 an
1304 1403 1451 1444 melius
1482 1403 1729 1458 patientiam

128 1472 285 1528 possim
318 1470 469 1511 dicere.
534 1470 700 1522 Quotus
736 1469 846 1510 enim
879 1468 993 1510 istud
1029 1468 1205 1523 quisque
1238 1468 1409 1509 fecisset
1442 1473 1502 1517 ut,
1532 1483 1557 1509 a
1578 1469 1729 1524 quibus

127 1537 317 1593 partibus
339 1536 380 1576 in
402 1535 660 1576 dissensione
689 1535 798 1577 civili
830 1549 913 1575 non
947 1539 1059 1575 esset
1091 1539 1298 1588 receptus,
1327 1539 1440 1575 esset
1473 1533 1601 1574 etiam
1635 1548 1728 1574 cum

128 1602 379 1643 crudelitate
401 1601 598 1655 rejectus,
622 1601 677 1641 ad
698 1614 771 1641 eos
792 1600 905 1655 ipsos
937 1599 1121 1640 rediret?
1189 1599 1339 1655 Magni
1362 1600 1581 1654 cujusdam
1602 1599 1728 1639 animi

128 1674 255 1722 atque
287 1667 375 1721 ejus
396 1666 471 1707 viri
510 1664 613 1719 [est]
644 1680 767 1720 quem
804 1665 855 1705 de
888 1668 1089 1719 suscepta
1124 1678 1276 1704 caussa
1307 1664 1603 1718 propositaque
1634 1678 1728 1704 sen—

128 1732 263 1773 tentia
282 1731 395 1772 nulla
416 1730 683 1778 contumelia,
706 1730 820 1770 nulla
836 1729 909 1778 vis,
929 1728 1086 1769 nullum
1106 1728 1336 1783 periculum
1357 1728 1492 1782 possit
1509 1728 1727 1783 depellere.

131 1796 198 1838 Ut
218 1796 328 1837 enim
350 1802 490 1837 cetera
511 1795 629 1850 paria
648 1794 860 1834 Tuberoni
879 1809 974 1834 cum
994 1793 1110 1833 Varo
1131 1793 1321 1841 fuissent,
1345 1793 1490 1843 honos,
1516 1793 1724 1843 nobilitas,

129 1861 335 1915 splendor,
359 1860 583 1915 ingenium,
607 1873 712 1913 quae
732 1872 995 1913 nequaquam
1015 1858 1197 1907 fuerunt,
1220 1857 1299 1898 hoc
1321 1863 1435 1898 certe
1457 1858 1728 1913 praecipuum

131 1925 364 1966 Tuberonis
386 1925 476 1973 fuit,
500 1924 611 1979 quod
627 1924 745 1977 justo
768 1938 862 1964 cum
883 1922 1056 1978 imperio
1078 1937 1129 1962 ex
1157 1927 1330 1963 senatus
1358 1922 1549 1963 consulto
1571 1923 1613 1963 in
1634 1938 1726 1978 pro-

130 1991 309 2032 vinciam
347 2004 466 2031 suam
510 1992 695 2029 venerat.
758 1988 873 2029 Hinc
912 1987 1147 2043 prohibitus
1188 2002 1271 2027 non
1306 1987 1360 2027 ad
1399 1987 1632 2038 Caesarem,
1675 2003 1728 2029 ne

131 2112 243 2148 Index,
262 2113 335 2143 Vol.
360 2112 408 2152 i.).
454 2112 487 2142 It
506 2122 614 2142 means
634 2112 709 2141 here
729 2111 784 2141 the
806 2114 906 2141 towns

131 2156 164 2185 in
191 2156 293 2185 which
323 2156 412 2185 there
441 2165 521 2185 were
551 2165 643 2194 many
676 2155 816 2184 Romans
845 2154 907 2184 and

131 2199 267 2238 perhaps
291 2199 409 2237 others,
439 2198 508 2227 who
533 2208 612 2227 were
638 2198 704 2227 rich
735 2198 797 2227 and
827 2207 907 2227 were

132 2252 174 2271 on
208 2241 385 2280 Pompeius’
421 2241 496 2270 side.
554 2241 623 2270 The
660 2241 846 2279 disposition
876 2240 912 2269 of

131 2284 238 2314 Africa
261 2284 418 2323 generally
434 2293 496 2313 was
520 2283 722 2313 unfavorable
740 2288 773 2313 to
790 2283 905 2313 Caesar

134 2326 316 2367 (⁶aliena’).
365 2327 460 2356 Halm
485 2327 586 2355 writes
610 2327 729 2356 ‘aliena
760 2327 904 2355 voluntas

133 2373 306 2399 conventus
338 2370 419 2398 firmi
442 2373 473 2398 et
501 2369 628 2408 magni,’
655 2370 783 2408 making
807 2372 814 2386 ⁴
829 2379 905 2398 con-

132 2412 264 2442 ventus'
292 2412 347 2441 the
374 2412 508 2450 genitive
535 2412 682 2450 singular.
730 2411 781 2441 He
805 2412 861 2441 has
887 2421 906 2440 a

133 2458 208 2484 note
224 2454 272 2483 for
287 2455 340 2484 the
357 2465 492 2493 purpose
507 2455 543 2484 of
560 2455 740 2494 explaining
765 2455 812 2484 his
828 2455 905 2484 view

133 2497 170 2527 of
181 2497 235 2527 the
253 2501 374 2532 matter,
391 2498 492 2527 which
508 2497 533 2527 is
549 2508 567 2527 a
583 2508 690 2536 wrong
705 2499 792 2527 vieW.

182 2542 317 2575 Quaero,
339 2540 424 2575 Quid
439 2563 446 2569 .
466 2563 472 2569 .
492 2540 667 2580 .fui.3tis.7]
719 2544 726 2557 ⁶
742 2540 826 2573 Quid
844 2563 851 2570 .
870 2563 877 2570 .
897 2563 904 2570 .

134 2583 236 2612 fuistis
248 2582 255 2593 ’
274 2583 300 2612 is
316 2593 334 2611 a
349 2583 446 2612 direct
463 2584 626 2622 question3
651 2584 677 2613 if
698 2584 723 2614 it
738 2593 818 2613 were
838 2587 905 2619 not,

134 2635 180 2655 we
197 2625 307 2654 should
324 2625 402 2654 have
420 2630 426 2642 ‘
439 2626 581 2655 fueritis!

178 2669 318 2697 dubitem
345 2691 351 2697 .
371 2690 378 2697 .
397 2690 404 2697 .
420 2668 571 2706 feceritis
584 2669 616 2707 .7]
663 2668 766 2698 There
791 2669 817 2698 is
842 2669 907 2698 also

134 2711 189 2741 the
205 2710 334 2749 reading
355 2714 362 2726 ¹
375 2720 437 2739 non
462 2711 601 2740 dubitem
628 2734 634 2740 .
654 2733 661 2740 .
681 2734 688 2740 .
706 2711 907 2741 feceritis?—

135 2758 143 2771 ⁴
156 2764 279 2784 summa
293 2763 365 2782 cum
380 2753 493 2792 injuria
505 2752 524 2781 :’
550 2754 588 2783 G.
600 2753 693 2783 omits
711 2758 718 2770 ⁴
730 2764 801 2784 cum
816 2754 822 2767 ’
847 2754 908 2784 and

134 2797 200 2827 also
218 2796 334 2826 Baiter.

179 2838 365 2878 confitebor]
415 2840 422 2854 ¹
436 2838 587 2867 confiteor
601 2838 608 2851 '
632 2838 670 2868 G.
690 2838 805 2869 Baiter.

178 2884 208 2913 9.
234 2885 324 2911 tanta
341 2880 536 2919 constantia]
565 2884 583 2896 “
596 2880 704 2910 Cicero
720 2881 827 2911 dwells
837 2892 906 2921 par-

133 2925 278 2964 ticularly
294 2934 335 2953 on
352 2923 405 2954 the
423 2927 429 2935 ¹
441 2923 639 2959 constantia,’
657 2923 789 2953 because
805 2925 836 2953 in
853 2925 908 2954 the

950 2110 1144 2150 adversary's
1169 2110 1282 2150 speech
1307 2111 1361 2140 the
1383 2110 1467 2150 early
1482 2110 1673 2140 withdrawal
1695 2110 1732 2140 of

951 2154 1005 2184 the
1020 2154 1203 2184 Tuberones
1219 2153 1300 2183 from
1315 2154 1370 2183 the
1390 2158 1481 2193 party
1501 2154 1537 2184 of
1558 2154 1728 2192 Pompeius

951 2207 1013 2227 was
1030 2197 1211 2227 contrasted
1226 2197 1302 2227 with
1322 2197 1377 2226 the
1400 2196 1563 2236 obstinacy
1579 2196 1614 2226 of
1634 2197 1726 2235 Liga-

951 2241 1016 2270 rius
1030 2239 1049 2254 ''
1075 2239 1214 2280 (Halm).
1262 2240 1326 2269 But
1346 2239 1434 2269 there
1454 2239 1480 2269 is
1501 2240 1604 2279 irony,
1619 2249 1653 2269 as
1671 2239 1725 2269 Pa-

948 2284 1056 2313 tricius
1071 2283 1231 2312 observes.

993 2336 1063 2355 eum
1075 2325 1282 2364 crudelitate]
1311 2325 1363 2355 He
1372 2335 1434 2355 was
1445 2327 1501 2354 not
1512 2323 1680 2364 permitted
1693 2327 1727 2354 to

948 2369 1021 2399 land
1034 2378 1109 2398 even
1122 2368 1171 2397 his
1182 2378 1250 2403 son,
1263 2368 1383 2407 though
1395 2368 1434 2397 he
1445 2378 1506 2397 was
1516 2368 1550 2397 ill
1561 2366 1726 2407 (Introd.).

993 2421 1073 2451 quae
1089 2411 1302 2450 nequaqnam]
1350 2411 1420 2440 The
1434 2410 1617 2440 Tuberones
1633 2410 1728 2448 being

950 2454 1032 2484 Aelii
1055 2464 1134 2483 were
1164 2454 1199 2483 of
1225 2453 1335 2492 higher
1357 2454 1436 2483 rank
1457 2453 1535 2482 than
1558 2453 1614 2482 the
1639 2452 1726 2488 Vari,

949 2498 1020 2527 who
1037 2506 1117 2526 were
1133 2497 1278 2525 Attii.—‘
1287 2496 1374 2535 justo
1402 2506 1473 2525 eum
1489 2496 1620 2535 imperio
1634 2495 1653 2524 ε’
1685 2495 1726 2524 hc

951 2549 1038 2570 came
1054 2540 1129 2569 with
1144 2539 1314 2578 authority,
1331 2539 1446 2578 having
1462 2539 1510 2568 his
1526 2538 1727 2568 commission

951 2583 1030 2612 from
1057 2583 1111 2612 the
1136 2586 1252 2611 senate.
1296 2582 1366 2611 The
1391 2592 1462 2611 men
1487 2585 1520 2611 to
1544 2582 1647 2611 whom
1673 2581 1728 2610 the

952 2625 1115 2665 provinces
1139 2634 1220 2654 were
1243 2625 1335 2663 given
1362 2628 1395 2653 at
1420 2624 1483 2654 this
1506 2624 1583 2653 time
1609 2623 1651 2662 by
1673 2623 1727 2652 the

952 2672 1060 2698 senate
1097 2667 1158 2697 had
1185 2670 1240 2697 not
1271 2667 1411 2697 received
1438 2667 1520 2696 their
1552 2665 1725 2704 Imperium

951 2711 1031 2741 from
1046 2710 1101 2740 the
1114 2710 1262 2749 Populus.
1292 2709 1404 2739 Caesar
1422 2709 1474 2749 (B.
1489 2709 1524 2739 C.
1540 2709 1560 2737 i.
1575 2709 1627 2747 6):
1654 2710 1673 2723 ‘⁴
1687 2707 1726 2736 In

952 2754 1087 2792 reliquas
1117 2753 1291 2792 provincias
1325 2756 1484 2791 praetores
1513 2751 1726 2780 mittuntur—

953 2796 1066 2835 Neque
1090 2798 1258 2834 expectant
1279 2798 1314 2824 ut
1337 2795 1376 2824 de
1402 2804 1509 2824 eorum
1531 2793 1662 2831 imperio
1686 2793 1725 2821 ad

952 2839 1105 2878 populum
1131 2839 1257 2873 feratur,
1282 2837 1484 2876 paludatique
1499 2835 1579 2864 votis
1603 2845 1725 2864 nuncu-

952 2882 1033 2920 patis
1043 2880 1191 2910 exeant.''
1224 2880 1328 2910 There
1344 2889 1405 2908 was
1418 2888 1459 2908 no
1471 2877 1630 2916 authority
1643 2877 1724 2907 from

952 2924 1007 2954 the
1029 2924 1177 2963 Populus,
1195 2933 1236 2952 no
1252 2925 1260 2939 ⁴
1274 2923 1338 2952 Lex
1354 2921 1471 2951 curiata
1487 2920 1525 2950 de
1540 2919 1694 2959 imperio.’
