1816 3211
95 182 177 223 618
289 179 466 222 ORAT.
500 178 1012 221 PHILIPPIOARUM
1050 178 1236 219 LIBER
1267 178 1487 220 NONUS.

93 295 262 350 quidem
293 298 414 337 tanto
441 294 500 336 rei
532 295 721 350 publicae
748 293 928 341 vulnere.
962 297 1139 334 mortem
1169 305 1269 333 vero
1300 291 1390 345 ejus
1422 305 1504 332 non
1531 305 1676 332 monu-

94 364 235 401 mento
255 361 328 401 sed
347 360 463 401 luctu
485 360 648 414 publico
666 373 758 400 esse
775 358 1004 398 ornandam
1029 362 1233 412 putarem.
1288 356 1409 396 Nunc
1430 361 1571 398 autem
1588 356 1679 410 quis

93 425 261 466 dubitat
301 424 399 478 quin
432 424 468 464 ei
500 424 627 465 vitam
660 422 882 463 abstulerit
914 422 1005 477 ipsa
1036 421 1221 476 legatio?
1283 420 1435 461 Secum
1470 420 1579 461 enim
1612 421 1680 461 ille

93 494 272 529 mortem
303 487 467 537 extulit,
503 502 638 542 quam,
661 487 696 528 si
717 486 935 528 nobiscum
970 486 1254 536 remansisset,
1288 500 1363 526 sua
1396 500 1509 536 cura,
1532 485 1680 540 optimi

93 553 165 593 filii
200 552 543 606 fidelissimaeque
583 552 771 607 conjugis
811 551 1028 607 diligentia
1059 551 1193 592 vitare
1232 550 1454 605 potuisset.
1516 550 1579 590 At
1613 550 1680 591 ille

93 631 220 672 quum
253 616 424 666 videret,
460 616 494 656 si
515 621 681 657 vestrae
712 616 955 657 auctoritati
988 631 1072 657 non
1106 615 1327 671 paruisset,
1365 614 1605 656 dissimilem
1636 629 1680 656 se

93 682 280 722 futurum
299 681 391 728 sui;
425 680 488 721 sin
524 680 742 735 paruisset⁷
778 695 929 721 munus
960 681 1038 722 sibi
1074 680 1173 721 illud
1209 695 1283 735 pro
1315 694 1360 721 re
1396 680 1560 734 publica
1591 694 1680 720 sus-

94 752 262 802 ceptum
283 746 390 787 vitae
421 746 547 786 finem
577 746 678 796 fore,
701 746 848 787 maluit
870 746 912 786 in
934 745 1117 786 maximo
1144 745 1203 786 rei
1228 745 1415 800 publicae
1442 744 1679 785 discrimine

93 811 223 852 emori
258 825 382 865 quam
416 810 554 855 minus
589 826 713 866 quam
744 811 954 866 potuisset
985 810 1117 851 videri
1148 810 1207 850 rei
1239 810 1428 864 publicae
1464 809 1681 864 profuisse.

97 876 248 917 Multis
279 875 337 916 illi
368 875 410 915 in
439 875 624 926 urbibus,
667 877 748 917 iter
780 890 863 931 qua
893 875 1086 925 faciebat,
1117 874 1327 915 reficiendi
1359 889 1403 915 se
1437 878 1480 914 et
1511 873 1682 914 curandi

93 945 283 996 potestas
315 940 406 981 fuit.
469 941 633 981 Aderat
664 940 875 995 hospitum
908 940 1099 981 invitatio
1135 938 1315 979 liberalis
1363 953 1437 993 pro
1477 938 1682 993 dignitate

94 1006 244 1046 summi
265 1005 353 1054 viri,
369 1010 412 1046 et
428 1020 571 1045 eorum
592 1005 776 1046 hortatio
799 1005 869 1059 qui
890 1019 972 1045 una
993 1008 1112 1045 erant
1132 1003 1247 1044 missi
1267 1003 1321 1043 ad
1341 1003 1682 1058 requiescendum

94 1076 138 1112 et
157 1070 266 1111 vitae
294 1084 391 1110 suae
419 1070 728 1110 consulendum.
790 1068 854 1109 At
882 1068 948 1108 ille
979 1082 1220 1123 properans,
1243 1067 1458 1116 festinans,
1483 1067 1682 1108 mandata

94 1140 231 1177 vestra
251 1135 454 1176 conficere
477 1134 657 1188 cupiens,
681 1134 723 1173 in
744 1133 823 1174 hac
844 1132 1081 1174 constantia
1108 1133 1253 1173 morbo
1274 1133 1523 1173 adversante
1544 1146 1682 1186 perse-

94 1200 264 1241 veravit.
325 1198 454 1253 Cujus
475 1213 600 1253 quum
620 1198 803 1238 adventu
824 1197 1005 1237 maxime
1025 1198 1299 1252 perturbatus
1320 1201 1431 1237 esset
1453 1196 1680 1246 Antonius,

93 1264 204 1319 quod
225 1277 284 1312 ea,
309 1277 417 1318 quae
444 1262 522 1303 sibi
540 1263 662 1316 jussu
683 1266 822 1303 vestro
845 1261 1203 1311 denuntiarentur,
1222 1260 1477 1302 auctoritate
1499 1265 1618 1302 erant
1639 1265 1683 1302 et

93 1327 302 1369 sententia
325 1328 415 1368 Ser.
439 1327 611 1382 Sulpicii
634 1327 878 1376 constituta,
904 1326 1130 1367 declaravit
1152 1340 1276 1380 quam
1297 1326 1455 1366 odisset
1475 1329 1682 1375 senatum,

93 1408 222 1449 quum
253 1398 466 1433 auctorem
501 1397 671 1433 senatus
707 1391 965 1432 exstinctum
999 1391 1109 1432 laete
1145 1396 1271 1446 atque
1306 1391 1532 1432 insolenter
1570 1390 1682 1432 tulit.

96 1458 190 1499 Non
211 1458 340 1513 igitur
359 1457 493 1513 magis
516 1457 716 1512 Leptines
739 1456 973 1506 Octavium,
997 1471 1072 1497 nec
1097 1455 1340 1497 Veientium
1367 1470 1440 1496 rex
1472 1470 1556 1505 eos,
1580 1469 1684 1510 quos

93 1524 218 1564 modo
250 1522 471 1571 nominavi,
509 1536 632 1576 quam
663 1522 754 1562 Ser.
777 1521 1007 1576 Sulpicium
1038 1520 1191 1562 occidit
1215 1520 1440 1562 Antonius.
1502 1520 1545 1561 Is
1575 1520 1684 1561 enim

93 1589 281 1644 profecto
314 1592 493 1629 mortem
527 1586 684 1636 attulit,
715 1586 785 1641 qui
816 1601 964 1627 caussa
995 1585 1142 1627 mortis
1173 1585 1264 1627 fuit.
1327 1585 1534 1637 Quocirca
1555 1584 1684 1626 etiam

93 1653 146 1693 ad
176 1652 439 1708 posteritatis
460 1651 702 1692 memoriam
723 1651 931 1706 pertinere
953 1650 1135 1691 arbitror
1156 1655 1324 1691 exstare
1346 1649 1457 1704 quod
1486 1649 1612 1689 fuerit
1633 1649 1684 1689 de

93 1718 172 1758 hoc
200 1717 306 1758 bello
335 1716 541 1771 judicium
572 1721 755 1756 senatus.
818 1715 915 1756 Erit
948 1715 1059 1756 enim
1089 1719 1231 1755 statua
1265 1714 1355 1768 ipsa
1385 1713 1509 1754 testis
1529 1713 1683 1754 bellum

94 1787 182 1822 tam
202 1795 327 1835 grave
356 1780 483 1820 fuisse
504 1784 553 1820 ut
573 1780 701 1834 legati
725 1779 922 1819 interitus
951 1778 1121 1819 honoris
1151 1778 1394 1818 memoriam
1431 1783 1682 1818 consecutus

93 1846 161 1886 sit.
226 1844 308 1885 IV.
345 1844 466 1895 Quod
498 1843 532 1883 si
564 1842 877 1883 excusationem
913 1842 1002 1883 Ser.
1041 1842 1226 1896 Sulpicii,
1264 1847 1408 1896 patres
1441 1842 1680 1897 conscripti,

93 1908 314 1964 legationis
342 1908 558 1949 obeundae
588 1907 799 1948 recordari
821 1906 1046 1957 volueritis,
1070 1907 1180 1946 nulla
1203 1906 1409 1947 dubitatio
1430 1906 1685 1961 relinquetur

95 1974 193 2028 quin
220 1974 377 2013 honore
409 1972 562 2012 mortui
595 1986 720 2026 quam
740 1971 830 2011 vivo
859 1971 1055 2025 injuriam
1090 1971 1264 2012 fecimus
1290 1970 1531 2011 sarciamus.
1592 1970 1685 2011 Vos

94 2038 215 2086 enim,
238 2042 380 2093 patres
394 2036 819 2090 consc1·ipti‚-—grave
838 2036 953 2076 dictu
968 2040 1046 2084 est,
1065 2036 1138 2075 sed
1153 2035 1371 2076 dicendum
1384 2040 1682 2086 tamem—vos,

92 2103 272 2156 inquam,
299 2101 387 2142 Ser.
413 2100 641 2155 Sulpicium
662 2099 748 2141 vita
768 2099 976 2154 privastis,
995 2114 1116 2153 quem
1138 2114 1265 2154 quum
1284 2099 1481 2140 videretis
1494 2114 1539 2140 re
1551 2100 1686 2154 magis

93 2168 284 2208 morbum
325 2180 448 2220 quam
489 2164 676 2205 oratione
718 2169 1003 2213 excusantem,
1045 2178 1129 2204 non
1168 2178 1241 2205 vos
1282 2164 1448 2219 quidem
1498 2165 1685 2205 crudeles

93 2230 405 2285 fuistis,-quid
438 2229 548 2270 enim
578 2228 715 2269 minus
745 2229 788 2269 in
818 2229 927 2269 hunc
959 2228 1145 2269 ordinem
1179 2229 1372 2270 convenit
1385 2229 1530 2270 3-sed
1558 2244 1686 2284 quum

94 2294 318 2349 speraretis
345 2293 446 2334 nihil
479 2307 571 2334 esse
608 2293 718 2347 quod
746 2307 829 2333 non
865 2292 974 2333 illius
1004 2293 1260 2333 auctoritate
1281 2298 1324 2334 et
1344 2293 1550 2348 sapientia
1579 2293 1686 2335 effici

93 2364 248 2413 posset,
271 2357 555 2398 vehementius
583 2357 844 2398 excusationi
879 2356 1121 2407 obstitistis,
1142 2362 1270 2412 atque
1302 2372 1408 2408 eum,
1433 2358 1501 2413 qui
1522 2373 1687 2413 semper

94 2427 279 2463 vestrum
315 2437 560 2462 consensum
592 2421 883 2476 gravissimum
914 2421 1199 2476 judicavisset,
1238 2422 1288 2462 de
1328 2422 1538 2463 sententia
1578 2422 1687 2476 deje-

95 2487 225 2528 cistis.
288 2485 354 2527 Ut
374 2501 472 2527 vero
503 2487 667 2526 Pansae
704 2486 885 2527 consulis
917 2486 1096 2527 accessit
1124 2486 1358 2528 cohortatio
1379 2486 1543 2540 gravior
1563 2501 1687 2541 quam

95 2565 216 2594 aures
240 2550 332 2591 Ser.
358 2550 528 2604 Sulpicii
550 2551 657 2592 ferre
685 2550 942 2600 didicissent,
965 2555 1056 2591 tum
1077 2565 1174 2591 vero
1195 2551 1370 2606 denique
1391 2551 1521 2591 filium
1540 2565 1687 2606 meque

138 2682 169 2711 4.
193 2691 229 2711 re
257 2682 360 2720 mayz's
389 2682 550 2721 morbum]
600 2682 652 2712 He
681 2692 800 2718 means,
832 2692 866 2712 as
910 2684 1008 2717 retus.
1033 2682 1217 2718 Lambinus,
1236 2682 1361 2718 Gruter,
1387 2681 1449 2711 and
1472 2681 1578 2711 others
1600 2680 1683 2710 tole-

95 2724 261 2754 Manutius
287 2724 479 2753 understood
500 2724 524 2753 it
543 2725 698 2763 properly,
723 2725 793 2754 that
817 2725 866 2754 his
910 2724 999 2754 rated
1028 2725 1101 2761 ‘se‚’
1130 2725 1215 2755 since
1241 2725 1267 2754 it
1289 2724 1393 2754 would
1419 2728 1476 2754 not
1499 2724 1539 2753 be
1564 2723 1679 2759 Latin;

95 2767 204 2796 illness
226 2766 382 2805 appeared
406 2766 534 2805 plainly,
552 2767 641 2795 when
662 2768 737 2806 they
753 2767 867 2796 looked
911 2767 958 2796 for
982 2766 1037 2796 the
1059 2767 1200 2797 Romans
1223 2767 1274 2796 did
1302 2770 1359 2797 not
1385 2776 1438 2805 say
1461 2769 1624 2795 ‘excusare
1647 2774 1682 2794 se

95 2812 128 2839 at
143 2809 274 2838 him.—‘
287 2818 322 2838 re
333 2808 340 2822 '
358 2808 412 2845 V¹‚
428 2818 461 2838 se
476 2808 519 2837 V²
534 2807 580 2837 D’
595 2808 734 2848 (Halm).
774 2809 866 2838 Faer-
911 2809 1015 2848 aliqua
1029 2809 1084 2845 re‚'
1102 2809 1160 2839 but
1176 2812 1183 2826 ‘
1199 2819 1346 2839 excusare
1367 2807 1507 2848 aliquid.’
1553 2807 1683 2836 Besides

96 2861 156 2880 nus
183 2851 367 2880 introduced
395 2849 463 2880 ‘re’
489 2849 569 2879 from
599 2850 653 2879 the
683 2851 865 2881 Vaticanus.
911 2851 984 2887 this,
1002 2852 1057 2880 the
1073 2852 1252 2891 opposition
1271 2852 1306 2881 of
1327 2854 1334 2868 ‘
1349 2851 1396 2882 re’
1413 2851 1475 2881 and
1498 2849 1679 2879 ‘oratione’

97 2894 248 2923 Graevius
274 2903 436 2932 expresses
465 2892 514 2922 his
541 2892 677 2931 surprise
700 2893 769 2922 that
793 2893 866 2922 Mu·
911 2894 936 2923 is
954 2894 1109 2933 required.
