1816 3211
681 182 815 224 OAP.
855 182 1033 226 15—17.
1575 191 1655 231 179

118 295 253 336 XVI.
286 295 438 337 Confer
469 311 593 345 nunc,
630 295 815 351 Epicure
845 304 1000 347 noster,
1036 312 1087 338 ex
1115 297 1218 337 hara
1250 298 1465 352 producte,
1499 314 1581 340 non
1604 317 1656 342 ex

58 361 211 411 schola,
255 362 409 411 confer,
448 362 483 402 si
518 361 658 411 audes
693 362 928 402 absentiam
968 366 1085 403 tuam
1121 377 1215 403 cum
1255 378 1359 404 mea.
1423 364 1655 406 Obtinuisti

57 426 309 479 provinciam
342 428 602 467 consularem
637 426 790 467 finibus
826 427 874 467 iis
907 442 1011 482 quos
1046 427 1113 468 lex
1149 428 1393 482 cupiditatis
1423 432 1535 479 tuae,
1571 445 1655 470 non

57 505 161 545 quos
183 491 250 532 lex
270 492 412 546 generi
434 492 495 533 tui
517 492 747 547 pepigerat.
811 492 921 532 Nam
942 493 1033 547 lege
1056 492 1249 534 Caesaris
1272 494 1506 547 justissima
1527 499 1654 550 atque

57 556 216 610 optima
228 557 369 611 populi
382 557 500 598 liberi
514 557 634 612 plane
652 561 695 598 et
717 572 811 597 vere
830 556 991 612 [erant]
1012 557 1155 604 liberi3
1180 558 1272 613 lege
1289 564 1431 600 autem
1449 574 1508 610 ea,
1528 574 1655 615 quam

55 636 176 661 nemo
199 622 334 676 legem
354 627 524 677 praeter
544 627 588 664 te
616 627 659 663 et
688 621 891 677 collegam
921 628 1042 663 tuum
1072 623 1248 678 putavit,
1284 625 1419 665 omnis
1452 630 1544 667 erat
1575 626 1653 666 tibi

57 685 231 737 Achaia,
272 686 499 738 Thessalia,
544 687 754 737 Athenae,
793 692 946 728 cuncta
987 687 1164 729 Graecia
1203 689 1386 730 addicta.
1450 690 1652 732 Habebas

55 751 286 793 exercitum
307 756 488 801 tantum,
511 758 714 808 quantum
735 752 812 793 tibi
843 767 926 793 non
947 758 1120 794 senatus
1140 758 1216 794 aut
1236 754 1413 809 populus
1437 755 1652 796 Romanus

55 817 239 866 dederat,
277 818 351 858 sed
384 822 587 872 quantum
621 823 697 858 tua
729 817 857 858 libido
891 817 1222 872 conscripseram
1257 819 1462 860 aerarium
1498 821 1651 861 exhau-

55 896 183 922 seras.
231 883 345 935 Quas
366 898 434 924 res
454 883 622 936 gessisti
648 881 730 937 [in]
755 882 940 937 imperio,
960 882 1162 933 exercitu,
1180 884 1394 938 provincia
1414 885 1653 926 consulari?

57 946 171 998 Quas
206 962 273 988 res
308 948 499 1003 gesserit,
537 962 704 1003 quaerO,
748 947 830 1002 qui,
865 952 912 987 ut
948 947 1073 997 venit,
1115 948 1506 990 statim—nondum
1542 965 1651 991 com-

53 1026 238 1053 memoro
286 1013 466 1068 rapinas,
513 1028 596 1053 non
645 1018 817 1054 exactas
852 1012 1065 1067 pecunias,
1111 1028 1193 1054 non
1235 1020 1392 1069 captas,
1440 1030 1522 1056 non
1577 1015 1652 1056 im-

52 1082 232 1131 peratas,
266 1092 349 1118 non
380 1093 504 1119 neces
529 1077 749 1127 sociorum,
773 1092 856 1117 non
879 1078 1029 1119 caedes
1062 1078 1286 1133 hospitum,
1309 1095 1391 1120 non
1422 1080 1649 1135 perfidiam,

52 1156 135 1182 non
157 1142 475 1194 immanitatem,
503 1158 587 1184 non
614 1142 770 1184 scelera
800 1143 996 1197 praedico
1016 1159 1024 1184 :
1060 1158 1171 1192 mox,
1189 1144 1224 1184 si
1246 1145 1466 1196 videbitur,
1490 1150 1537 1186 ut
1558 1160 1651 1187 cum

52 1198 153 1256 fure,
197 1212 244 1248 ut
286 1222 380 1248 cum
420 1208 638 1263 sacrilego,
682 1213 730 1249 ut
771 1222 864 1248 cum
897 1207 1048 1248 sicario
1085 1208 1335 1264 disputab03
1375 1225 1486 1251 nunc
1518 1225 1652 1251 meam

53 1272 276 1327 spoliatam
308 1273 518 1314 fortunam
551 1274 762 1314 conferam
795 1287 889 1313 cum
922 1273 1098 1314 florente
1131 1274 1301 1314 fortuna
1328 1275 1651 1330 imperatoris—

53 1337 145 1391 quis
185 1353 383 1393 umquam
419 1337 674 1393 provinciam
717 1352 814 1378 cum
853 1338 1042 1379 exercitu
1077 1338 1271 1388 obtinuit,
1315 1339 1385 1394 qui
1421 1339 1556 1380 nullas
1596 1341 1650 1380 ad

52 1408 245 1444 senatum
284 1403 449 1444 litteras
489 1402 680 1444 miserit?
733 1408 894 1443 tantam
936 1417 1030 1443 vero
1081 1404 1338 1458 provinciam
1388 1419 1482 1445 cum
1531 1410 1652 1446 tanto

52 1469 249 1517 exercitu,
277 1469 573 1509 Macedoniam
595 1468 853 1523 praesertim,
880 1483 986 1522 quae
1008 1469 1140 1510 tantis
1162 1469 1433 1510 barbarorum
1454 1470 1652 1525 gentibus

49 1533 287 1587 attingitur,
326 1539 374 1574 ut
406 1548 570 1588 semper
608 1533 893 1574 Macedonicis
924 1533 1244 1587 i111perat0ribus
1275 1535 1399 1575 iidem
1431 1535 1536 1576 fines
1558 1549 1651 1588 pro·

48 1598 208 1639 vinciae
228 1598 384 1639 fuerint
415 1598 484 1653 qui
515 1598 749 1653 gladiorum
781 1602 908 1652 atque
938 1598 1143 1652 pilorum;
1178 1614 1229 1639 ex
1252 1614 1333 1654 qua
1353 1600 1512 1655 aliquot
1533 1614 1650 1655 prae-

48 1664 159 1705 torio
180 1663 364 1718 imperio,
401 1663 607 1704 consulari
640 1663 808 1718 quidem
841 1677 962 1703 nemo
990 1663 1128 1711 rediit,
1163 1664 1232 1718 qui
1261 1664 1477 1705 incolumis
1508 1666 1648 1715 fuerit,

49 1728 119 1784 qui
154 1742 236 1768 non
262 1728 544 1783 triumpharit.
607 1728 691 1769 Est
724 1728 802 1768 hoc
839 1742 1018 1768 novum:
1052 1728 1184 1769 multo
1218 1728 1319 1770 illud
1351 1730 1499 1784 magis,
1561 1732 1650 1785 Ap-

48 1794 227 1849 pellatus
249 1798 315 1834 est
336 1793 403 1834 hic
425 1793 629 1834 vulturius
651 1793 758 1833 illius
779 1792 1027 1847 provinciae,
1051 1793 1086 1834 si
1108 1793 1186 1834 diis
1208 1794 1357 1848 placet,
1377 1795 1618 1849 imperator.

107 1858 269 1899 XVII.
317 1858 382 1899 Ne
415 1864 507 1900 tum
542 1859 720 1913 quidem,
759 1858 906 1899 Paulle
952 1864 1108 1906 noster,
1156 1859 1334 1900 tabellas
1375 1874 1471 1900 cum
1506 1860 1648 1902 laurea

49 1924 227 1965 Romam
247 1924 417 1965 mittere
448 1924 657 1965 audebas?
720 1924 833 1972 Misi,
857 1923 1005 1978 inquit.
1069 1923 1172 1975 Quis
1195 1939 1392 1979 umquam
1424 1925 1646 1966 recitavit?

49 1990 140 2044 quis
161 1995 208 2031 ut
230 1990 509 2030 recitarentur
529 1989 786 2044 postulavit?
847 1989 960 2029 Nihil
981 1989 1091 2030 enim
1112 2004 1207 2030 mea
1231 1991 1318 2044 jam
1342 1990 1481 2037 refert,
1505 1998 1646 2031 utrum

48 2061 95 2096 tu
124 2055 378 2096 conscientia
409 2069 634 2109 oppressus
666 2055 870 2095 scelerum
897 2059 1066 2095 tuorum
1094 2054 1194 2094 nihil
1223 2069 1418 2109 umquam
1439 2069 1567 2095 ausus
1587 2056 1645 2096 sis

47 2121 229 2162 scribere
250 2121 302 2161 ad
323 2135 417 2160 eum
439 2120 636 2168 ordinem,
672 2134 794 2174 quem
826 2120 1091 2174 despexeras,
1125 2134 1247 2174 quem
1278 2120 1498 2169 afflixeras,
1523 2134 1646 2174 quem

48 2187 274 2235 deleveras,
310 2200 362 2225 an
399 2184 520 2224 amici
556 2185 618 2225 tui
651 2185 827 2225 tabellas
862 2185 1102 2226 abdiderint
1135 2185 1342 2240 iidemque
1374 2184 1540 2225 silentio
1568 2198 1644 2224 suo

48 2250 330 2290 temeritatem
376 2254 504 2304 atque
538 2249 755 2290 audaciam
796 2254 913 2291 tuam
955 2250 1286 2291 condemnarint.
1349 2250 1492 2305 Atque
1532 2249 1642 2290 haud

94 2394 143 2424 16.
168 2403 207 2423 ex
220 2393 317 2432 Ιιανα]

48 2454 68 2468 “
81 2451 136 2481 Me
153 2452 301 2490 pinguem
317 2454 349 2482 et
364 2452 497 2483 nitidum
519 2453 600 2484 bene
623 2456 731 2484 curata
749 2456 820 2484 cute
863 2465 871 2472 ·

79 2504 304 2592 (ludaei-idere
324 2537 409 2568 voles
425 2537 553 2577 Epicuri
569 2539 608 2568 de
630 2549 723 2579 grege
746 2549 818 2579 por-

134 2590 216 2610 cum·
407 2621 541 2659 Horace,
559 2622 619 2662 Ep.
636 2623 656 2653 i.
675 2625 704 2660 4,
721 2635 750 2654 v.
770 2626 818 2655 15.

91 2691 144 2720 le-z·
157 2689 284 2728 yeneri]
315 2688 457 2719 Caesar’s
485 2689 550 2719 Lex
573 2689 611 2719 de
637 2690 817 2721 Provinciis.

49 2732 107 2762 See
124 2733 172 2763 De
191 2732 281 2761 Prov.
300 2732 394 2762 Cous.
413 2742 438 2760 c.
456 2733 541 2762 4.—‘
553 2735 607 2761 tua
623 2732 719 2762 libido
731 2733 750 2762 :’
770 2734 818 2764 De

48 2775 139 2805 Prov.
157 2776 249 2805 Cous.
269 2785 294 2804 c.
312 2777 397 2805 3.—⁴
409 2774 515 2803 statim
529 2773 548 2803 :¹
564 2775 644 2804 after
659 2775 722 2805 this
734 2776 817 2805 word

49 2818 146 2848 Halm
171 2828 322 2857 supposes
345 2817 415 2846 that
437 2817 527 2846 there
550 2817 576 2846 is
592 2827 611 2846 a
626 2817 754 2854 lacuum
786 2821 819 2848 at

46 2860 126 2890 least
142 2861 181 2890 be
195 2861 298 2891 leaves
313 2869 373 2889 one
388 2860 420 2889 in
437 2860 485 2889 his
501 2859 594 2889 book.

90 2903 280 2943 imperatas]
308 2903 366 2934 See
391 2902 500 2939 Index,
518 2902 588 2932 Vol.
605 2902 625 2932 i.
647 2902 818 2942 Imperare,

865 2395 1073 2434 Imperatum.

907 2438 1129 2468 illacedonicis
1165 2438 1429 2477 imperatoribus]
1479 2438 1636 2477 Compare

866 2481 916 2510 De
934 2481 1024 2510 Prov.
1042 2481 1138 2510 Cons.
1163 2491 1190 2511 c.
1219 2482 1370 2520 7.—‘qui
1391 2491 1454 2510 non
1471 2481 1489 2511 z'
1516 2480 1634 2520 ‘quiin’

866 2523 974 2552 llalm.
1021 2524 1073 2553 On
1105 2523 1160 2553 the
1190 2524 1292 2553 words
1319 2524 1392 2563 ‘qui
1424 2533 1488 2553 non
1523 2525 1635 2553 trium-

864 2566 990 2604 pharit,'
1006 2566 1171 2596 Manutius
1181 2566 1338 2602 observes,
1351 2570 1371 2583 ⁴⁴
1385 2570 1517 2606 excepto
1530 2571 1636 2596 tamen

865 2609 902 2638 L.
919 2608 1116 2647 T01·quat0.”

911 2651 1102 2686 17..Paul!e
1124 2651 1248 2690 noster]
1288 2652 1338 2681 He
1365 2652 1439 2680 calls
1470 2651 1533 2680 him
1560 2660 1634 2680 con-

861 2694 1076 2733 temptuously
1092 2694 1228 2723 Paullus.
1267 2694 1420 2724 Aemilius
1436 2693 1561 2723 Paullus
1574 2702 1633 2720 was

862 2736 916 2765 the
941 2746 1114 2776 conqueror
1136 2737 1172 2765 of
1198 2737 1315 2772 Perses,
1340 2737 1394 2766 the
1421 2737 1480 2765 lust
1505 2736 1578 2771 king
1601 2733 1636 2762 of

863 2778 1059 2808 Macedonia.
1122 2779 1194 2809 Piso
1222 2779 1274 2808 did
1305 2783 1361 2808 not
1391 2779 1464 2807 dur«-
1494 2782 1526 2805 to
1556 2775 1630 2804 send

863 2823 870 2836 ¹
885 2821 1006 2851 litterae
1037 2821 1214 2860 laureatae‚’
1239 2821 1423 2860 dospatrhcs
1446 2819 1545 2848 which
1575 2827 1630 2845 nn-

861 2864 1007 2893 nounced
1024 2873 1042 2893 a
1058 2865 1188 2903 victory.
1234 2864 1279 2894 As
1303 2868 1335 2893 to
1353 2866 1360 2879 ‘
1374 2861 1498 2895 laurea:
1516 2870 1566 2889 sco
1584 2859 1631 2888 De

864 2904 954 2936 Prov.
972 2906 1067 2937 Cons.
1084 2917 1110 2937 c.
1131 2907 1180 2936 12.

804 2947 882 2986 n2
