1816 3211
108 179 189 218 159.
408 174 584 217 ORAT.
619 174 737 215 PRO
773 173 820 215 L.
855 172 1163 215 CORNELIO
1198 172 1398 214 BALBO

109 290 369 341 confidimus,
402 304 484 330 non
516 288 705 330 oratione
737 291 893 337 nostra,
928 287 1001 328 sed
1034 285 1296 327 humanitate
1323 291 1461 327 vestra
1488 301 1579 328 esse
1615 288 1700 343 pla-

110 360 240 398 catos.

169 419 408 462 XXVIII.
444 419 552 471 Quid
584 418 692 458 enim
725 421 791 457 est
828 431 901 456 cur
932 431 1013 456 non
1040 416 1182 470 potius
1214 416 1267 455 ad
1299 430 1503 456 summam
1538 417 1703 457 laudem

111 486 206 526 huic
227 500 348 540 quam
369 485 421 524 ad
443 483 654 523 minimam
675 482 861 521 fraudem
881 481 1073 521 Caesaris
1094 480 1354 520 familiaritas
1370 481 1504 522 valere
1526 482 1704 523 debeat?

113 550 322 605 Cognovit
360 549 629 589 adolescens:
676 545 831 600 placuit
872 545 1026 585 homini
1067 545 1423 600 prudentissimo;
1470 546 1511 585 in
1543 560 1705 586 summa

112 615 337 656 amicorum
361 612 479 667 copia
501 626 596 652 cum
617 610 945 651 familiarissimis
967 611 1056 664 ejus
1078 615 1143 650 est
1171 610 1441 664 adaequatus.
1506 610 1555 650 In
1585 625 1704 664 prae-

111 685 221 728 tura,
254 679 295 719 in
328 677 547 719 consulatu
579 676 838 731 praefectum
869 675 1032 716 fabrum
1065 674 1244 723 detulit;
1279 675 1495 715 consilium
1526 675 1705 716 hominis

111 743 316 799 probavit,
357 743 481 782 fidem
523 746 588 782 est
628 740 895 795 complexus:
942 741 1075 781 officia
1116 740 1503 794 observantiamque
1544 740 1704 781 dilexit.

116 809 219 850 Fuit
240 808 306 849 hic
327 807 552 848 multorum
574 805 631 846 illi
661 806 850 846 laborum
871 806 1009 846 socius
1029 805 1252 860 aliquando
1271 822 1278 846 :
1314 809 1379 846 est
1399 805 1575 846 fortasse
1596 812 1705 845 nunc

114 873 405 914 nonnullorum
440 871 649 926 particeps
680 871 1004 911 commodorum.
1068 871 1183 922 Quae
1212 869 1378 924 quidem
1409 869 1443 910 si
1475 870 1569 910 huic
1591 870 1706 910 obfu-

115 938 223 979 erint
253 937 365 992 apud
395 951 478 986 vos,
502 951 585 976 non
613 935 801 989 intelligo
829 936 940 989 quod
969 936 1123 975 bonum
1152 935 1344 989 cuiquam
1371 935 1427 976 sit
1460 935 1570 990 apud
1601 935 1708 976 tales

115 1003 226 1043 viros
246 1001 523 1056 profuturum.
588 1000 670 1040 Sed
693 999 888 1054 quoniam
912 998 958 1040 C.
982 998 1136 1039 Caesar
1165 999 1287 1040 abest
1307 999 1557 1053 longissime,
1581 1004 1707 1054 atque

116 1068 159 1108 in
180 1068 230 1108 iis
252 1072 317 1108 est
337 1081 446 1107 nunc
467 1066 581 1116 locis,
600 1080 706 1120 quae
722 1064 891 1119 regione
910 1065 1050 1105 orbem
1067 1069 1286 1114 terrarum,
1303 1065 1426 1104 rebus
1447 1064 1555 1104 illius
1575 1064 1709 1119 gestis

116 1132 334 1187 imperium
375 1131 513 1186 populi
548 1129 727 1171 Romani
765 1129 978 1179 definiunt,
1017 1129 1156 1179 nolite,
1192 1144 1266 1184 per
1302 1130 1402 1169 deos
1437 1129 1707 1177 immortales,

112 1198 287 1252 judices,
318 1198 427 1237 hunc
458 1196 513 1236 illi
549 1195 746 1236 acerbum
778 1194 969 1234 nuntium
1000 1193 1104 1234 velle
1134 1194 1320 1248 perferri,
1355 1198 1402 1234 ut
1437 1209 1558 1234 suum
1594 1208 1711 1248 prae-

116 1262 271 1302 fectum
293 1261 467 1309 fabrum,
493 1265 539 1301 ut
560 1259 769 1300 hominem
791 1258 868 1298 sibi
890 1257 1148 1298 carissimum
1170 1263 1213 1299 et
1233 1258 1611 1308 familiarissimum,
1627 1273 1711 1299 non

118 1326 171 1366 ob
192 1326 321 1380 ipsius
352 1325 518 1380 aliquod
551 1324 760 1371 delictum,
790 1324 864 1363 sed
897 1324 950 1363 ob
974 1337 1092 1362 suam
1119 1322 1446 1364 familiaritatem
1466 1323 1619 1365 vestris
1640 1338 1711 1378 op-

118 1405 306 1446 pressum
323 1389 542 1431 sententiis
558 1388 715 1430 audiat.
780 1387 1039 1428 Miseremini
1057 1388 1159 1442 ejus,
1179 1388 1247 1442 qui
1265 1403 1346 1428 non
1363 1388 1414 1428 de
1431 1403 1506 1429 suo
1524 1394 1709 1443 peccato,

118 1457 191 1497 sed
217 1457 267 1496 de
294 1456 420 1510 hujus
440 1455 590 1495 summi
622 1459 665 1496 et
695 1453 911 1495 clarissimi
933 1453 1006 1493 viri
1028 1453 1153 1500 facto,
1175 1468 1258 1493 non
1291 1454 1341 1494 de
1368 1454 1505 1509 aliquo
1528 1453 1710 1499 crimine,

119 1521 192 1562 sed
220 1521 404 1576 periculo
426 1535 500 1561 suo
533 1521 583 1561 de
611 1519 775 1575 publico
803 1520 898 1574 jure
920 1518 1154 1572 disceptat;
1190 1519 1301 1572 quod
1330 1519 1399 1573 jus
1427 1519 1461 1559 si
1488 1518 1563 1560 Cn.
1588 1518 1713 1559 Pom-

120 1586 237 1641 peius
272 1586 493 1640 ignoravit,
528 1585 563 1626 si
602 1585 665 1626 M.
690 1584 880 1634 Crassus,
919 1583 953 1624 si
991 1584 1039 1635 Q.
1066 1583 1278 1633 Metellus,
1316 1584 1351 1624 si
1389 1584 1464 1625 Cn.
1489 1583 1714 1638 Pompeius

120 1655 253 1705 pater,
276 1651 311 1691 si
346 1651 392 1690 L.
420 1651 545 1700 Sulla,
571 1649 604 1690 si
638 1649 687 1689 P.
712 1648 900 1698 Crassus,
924 1648 959 1688 si
986 1647 1031 1689 C.
1059 1648 1234 1698 Marius,
1259 1648 1293 1689 si
1314 1653 1497 1698 senatus,
1522 1649 1556 1689 si
1581 1663 1713 1704 popu-

121 1715 185 1755 lus
207 1715 434 1764 Romanus,
457 1715 492 1756 si
514 1715 583 1770 qui
616 1714 666 1754 de
687 1728 732 1754 re
753 1713 875 1753 simili
903 1712 1159 1767 judicarunt,
1192 1713 1226 1754 si
1257 1713 1461 1755 foederati
1493 1713 1645 1769 populi,
1679 1713 1715 1754 si

123 1780 236 1828 socii,
259 1780 294 1820 si
325 1781 381 1821 illi
412 1780 573 1835 antiqui
607 1778 760 1828 Latini,
784 1778 922 1819 videte
953 1793 1004 1818 ne
1034 1778 1178 1819 utilius
1199 1778 1315 1819 vobis
1346 1784 1390 1820 et
1413 1779 1630 1820 honestius
1660 1778 1716 1818 sit

124 1843 204 1884 illis
225 1845 400 1885 ducibus
421 1859 558 1885 errare
581 1859 705 1899 quam
725 1844 805 1884 hoc
828 1843 1028 1897 magistro
1050 1843 1215 1883 erudiri.
1280 1843 1363 1884 Sed
1384 1844 1419 1884 si
1442 1844 1492 1885 de
1513 1848 1641 1891 certo,
1665 1843 1716 1883 de

125 1909 355 1963 perspicuo,
380 1910 432 1949 de
452 1909 556 1956 utili,
580 1909 630 1949 de
651 1908 840 1962 probatQ
866 1908 916 1948 de
933 1907 1125 1962 judicato
1149 1904 1263 1948 vobis
1280 1909 1375 1962 jure
1397 1923 1489 1949 esse
1511 1908 1716 1949 constitu-

127 1974 280 2014 endum
301 1974 462 2025 videtis,
485 1974 613 2015 nolite
636 1972 898 2014 committere
919 1977 967 2013 ut
998 1972 1039 2012 in
1060 1987 1105 2013 re
1127 1977 1215 2013 tam
1236 1972 1471 2014 inveterata
1491 1973 1717 2028 quidquam

127 2038 221 2079 novi
257 2039 462 2080 sentiatis.
526 2037 656 2079 Simul
688 2043 732 2079 et
763 2037 844 2086 illa,
872 2036 1049 2091 judices,
1080 2037 1218 2077 omnia
1249 2042 1348 2078 ante
1381 2038 1524 2078 oculos
1555 2043 1718 2079 vestros

175 2174 226 2244 558.
241 2173 415 2214 fraudem]
463 2173 522 2203 See
546 2173 606 2202 Pro
623 2171 780 2206 Cluentio,
805 2181 831 2201 c.
851 2172 904 2205 33,

133 2225 174 2244 no
192 2225 219 2245 e.

949 2170 1112 2209 Menapii3
1145 2170 1178 2199 in
1207 2169 1278 2200 that
1307 2172 1378 2209 part
1408 2169 1443 2199 of
1470 2169 1588 2199 France
1617 2168 1719 2198 which

950 2213 1102 2243 stretches
1132 2214 1225 2251 along
1254 2213 1309 2242 the
1338 2216 1425 2242 coast
1450 2212 1486 2241 of
1507 2212 1563 2241 the
1587 2211 1720 2250 English

170 2258 374 2296 praefeclum
391 2257 547 2296 fabrum]
596 2256 811 2295 Pantagathus
832 2266 905 2295 pro-

133 2301 230 2339 posed
254 2303 288 2330 to
309 2301 397 2330 write
414 2303 421 2316 ‘
435 2298 689 2339 praefecturam,’
709 2299 769 2328 and
787 2299 904 2328 Manu-

133 2343 196 2371 tius
212 2343 276 2372 also
291 2343 450 2382 preferred
470 2346 477 2359 ⁴
492 2340 743 2381 praefecturam.’
790 2344 797 2358 ‘
812 2341 904 2371 Prae-

135 2385 250 2414 fectum
268 2386 388 2415 deferre
400 2385 407 2398 ’
426 2395 533 2415 means
548 2388 582 2414 to
597 2388 704 2423 report
718 2384 784 2413 him
800 2387 834 2414 to
850 2384 905 2414 the

135 2431 142 2445 ‘
155 2428 330 2464 aerarium‚'
344 2438 377 2457 as
389 2428 504 2466 having
514 2427 593 2457 been
605 2427 707 2456 useful
719 2437 752 2456 as
767 2437 785 2456 a
799 2429 805 2442 ‘
817 2437 906 2466 prae-

135 2471 259 2500 fectus!
307 2471 371 2510 (De
397 2471 503 2500 Divin.
524 2480 550 2500 c.
577 2472 607 2506 3,
629 2469 701 2499 Vol.
725 2470 745 2498 i.
770 2470 832 2498 and
852 2470 907 2499 the

135 2517 229 2549 note3
254 2513 318 2543 Cic.
344 2513 393 2543 Ad
416 2513 502 2543 Fam.
519 2523 547 2542 v.
566 2514 626 2543 20:
653 2515 672 2529 ‘⁴
687 2512 778 2545 Quod
798 2512 906 2542 scribis

136 2556 175 2585 de
191 2556 360 2591 beneficiis,
378 2556 454 2586 scito
466 2566 484 2584 a
496 2566 546 2585 me
557 2560 588 2585 et
599 2554 742 2584 tribunos
759 2555 906 2584 militares

136 2602 168 2628 et
178 2599 350 2637 praefectos
361 2602 392 2628 et
404 2598 645 2628 contubernales
656 2598 809 2627 duntaxat
820 2608 907 2628 meos

136 2641 255 2671 delatos
271 2641 389 2681 esse.'')
437 2641 494 2670 See
511 2641 571 2670 Pro
587 2640 712 2675 Archia,
730 2650 756 2670 c.
773 2643 803 2669 5.

180 2685 266 2713 abest
306 2683 501 2722 lonqissz'me]
551 2683 666 2713 Caesar
699 2693 760 2712 was
790 2683 822 2712 in
853 2682 907 2712 the

136 2726 282 2756 Armoric
298 2730 431 2765 country
448 2727 479 2755 in
493 2726 547 2755 the
568 2726 676 2764 spring
691 2725 752 2755 and
769 2735 907 2754 summer

137 2769 173 2798 of
184 2769 247 2798 this
263 2779 337 2808 year
357 2779 420 2799 B.c.
439 2770 490 2803 56,
515 2769 546 2797 in
563 2768 664 2797 which
686 2768 726 2797 he
742 2767 907 2806 destroyed

136 2811 190 2841 the
206 2821 286 2851 navy
299 2812 335 2841 of
347 2812 400 2841 the
412 2811 536 2841 Veneti.
569 2811 654 2840 Near
669 2811 724 2840 the
736 2810 794 2840 end
809 2810 843 2839 of
855 2810 908 2839 the

137 2864 285 2890 summer,
309 2864 344 2884 or
365 2854 401 2884 of
419 2854 474 2883 the
490 2863 599 2883 season
615 2853 650 2882 of
661 2853 716 2882 the
731 2853 906 2892 campaign,

137 2896 177 2927 he
192 2906 254 2927 was
269 2897 301 2927 in
317 2897 372 2927 the
388 2899 519 2936 country
534 2896 571 2926 of
579 2896 635 2926 the
645 2895 762 2926 Morini
778 2895 840 2925 and
853 2895 907 2925 the

950 2256 1092 2286 Channel
1107 2255 1186 2285 from
1205 2256 1368 2294 Boulogne
1383 2259 1416 2285 to
1432 2255 1534 2285 Calais
1549 2254 1611 2284 and
1629 2254 1720 2284 Dun-

949 2299 1067 2338 kerque
1085 2298 1138 2337 (B.
1157 2298 1195 2328 G.
1213 2298 1255 2328 iii.
1278 2299 1346 2337 23).
1392 2298 1497 2327 When
1513 2307 1559 2327 we
1575 2307 1721 2335 compare

950 2341 1088 2371 Cicero’s
1104 2341 1363 2380 magniloquence
1386 2341 1483 2370 about
1506 2340 1629 2376 Caesar,
1646 2340 1721 2369 here

948 2383 1010 2413 and
1026 2384 1058 2413 in
1074 2384 1129 2413 the
1144 2384 1265 2413 oration
1290 2384 1338 2413 De
1356 2384 1525 2413 Provinciis
1542 2382 1720 2413 Consulari—

950 2426 1020 2462 bus,
1038 2426 1113 2455 with
1130 2426 1273 2457 Caesar’s
1289 2426 1412 2456 modest
1425 2425 1662 2461 Commentarii,
1676 2435 1721 2454 we

950 2469 1010 2499 feel
1041 2470 1095 2499 the
1122 2469 1362 2499 immeasurable
1389 2469 1576 2508 superiority
1606 2468 1642 2497 of
1667 2468 1722 2498 the

953 2512 1076 2541 Roman
1093 2512 1207 2541 soldier
1222 2522 1295 2541 over
1310 2512 1365 2542 the
1380 2516 1494 2542 orator.

995 2556 1061 2593 ejus
1078 2577 1084 2584 .
1105 2578 1111 2584 .
1130 2555 1239 2595 hujus]
1269 2556 1354 2594 ‘ejus
1367 2555 1373 2567 ’
1391 2556 1417 2584 is
1434 2554 1571 2590 Balbus3
1590 2556 1597 2570 ⁴
1609 2553 1720 2592 hujus'

949 2597 976 2626 is
993 2598 1050 2627 Cn.
1070 2598 1302 2636 Pompeius—⁴
1316 2598 1362 2627 M.
1378 2596 1538 2628 Crassus?
1557 2596 1593 2627 C.
1629 2596 1723 2626 Some

950 2640 1085 2669 editions
1102 2641 1179 2670 have
1196 2641 1233 2670 L.
1252 2641 1393 2670 Crassus.

995 2686 1059 2712 tam
1088 2683 1279 2722 inveterata]
1330 2683 1378 2712 ‘A
1404 2682 1495 2721 thing
1521 2691 1556 2711 so
1580 2681 1649 2711 well
1672 2690 1721 2710 es-

951 2725 1107 2755 tablished
1124 2725 1164 2764 by
1180 2726 1278 2755 time.'
1326 2726 1441 2756 Caesar
1467 2734 1536 2763 says
1559 2723 1610 2763 (B.
1629 2724 1667 2753 G.
1689 2723 1721 2753 ii.

955 2769 985 2804 l)
1001 2780 1007 2797 :
1043 2771 1061 2784 “
1076 2769 1183 2808 populi
1216 2768 1351 2797 Romani
1382 2768 1552 2797 exercitum
1584 2766 1723 2795 hiemare

951 2814 1045 2850 atque
1066 2811 1292 2840 inveterascere
1312 2811 1345 2840 in
1366 2810 1467 2841 Gallia
1487 2808 1618 2838 moleste
1642 2808 1722 2838 fere-

951 2852 1361 2893 bant.'’—‘quaestiones:’
1389 2862 1439 2883 see
1465 2852 1538 2882 Vol.
1563 2851 1583 2881 i.
1610 2851 1720 2887 Index,

953 2895 1103 2934 Quaestio
1121 2897 1284 2936 Perpetua.
