<?xml version="1.0" encoding="UTF-8"?>
<!DOCTYPE html PUBLIC "-//W3C//DTD XHTML 1.0 Transitional//EN"
    "http://www.w3.org/TR/xhtml1/DTD/xhtml1-transitional.dtd">
<html xmlns="http://www.w3.org/1999/xhtml" xml:lang="en" lang="en">
 <head>
  <title>
</title>
<meta http-equiv="Content-Type" content="text/html;charset=utf-8" />
  <meta name='ocr-system' content='tesseract 3.04.00' />
  <meta name='ocr-capabilities' content='ocr_page ocr_carea ocr_par ocr_line ocrx_word'/>
</head>
<body>
  <div class='ocr_page' id='page_1' title='image "./orationeswithcom04ciceuoft/orationeswithcom04ciceuoft_0364.png"; bbox 0 0 1816 3211; ppageno 0'>
   <div class='ocr_carea' id='block_1_1' title="bbox 56 179 1664 1393">
    <p class='ocr_par' dir='ltr' id='par_1_1' title="bbox 56 179 1664 1393">
     <span class='ocr_line' id='line_1_1' title="bbox 59 179 1317 224; baseline -0.002 0"><span class='ocrx_word' id='word_1_1' title='bbox 59 185 143 224; x_wconf 77' lang='lat'>342</span> <span class='ocrx_word' id='word_1_2' title='bbox 395 182 572 224; x_wconf 83' lang='lat' dir='ltr'>ORAT.</span> <span class='ocrx_word' id='word_1_3' title='bbox 607 182 726 223; x_wconf 88' lang='lat' dir='ltr'>PRO</span> <span class='ocrx_word' id='word_1_4' title='bbox 761 182 809 222; x_wconf 88' lang='grc' dir='ltr'>Τ.</span> <span class='ocrx_word' id='word_1_5' title='bbox 843 180 1039 222; x_wconf 91' lang='grc' dir='ltr'><strong>ΑΝΝΙΟ</strong></span> <span class='ocrx_word' id='word_1_6' title='bbox 1075 179 1317 221; x_wconf 86' lang='lat' dir='ltr'><strong>MILONE</strong></span> 
     </span>
     <span class='ocr_line' id='line_1_2' title="bbox 58 292 1655 352; baseline -0.003 -15"><span class='ocrx_word' id='word_1_7' title='bbox 58 299 246 337; x_wconf 90' lang='lat' dir='ltr'>mentum</span> <span class='ocrx_word' id='word_1_8' title='bbox 276 295 336 337; x_wconf 91' lang='lat' dir='ltr'>rei</span> <span class='ocrx_word' id='word_1_9' title='bbox 366 296 568 352; x_wconf 87' lang='lat' dir='ltr'>publicae,</span> <span class='ocrx_word' id='word_1_10' title='bbox 598 310 730 351; x_wconf 87' lang='lat' dir='ltr'>paene</span> <span class='ocrx_word' id='word_1_11' title='bbox 758 294 938 336; x_wconf 90' lang='lat' dir='ltr'>interfici</span> <span class='ocrx_word' id='word_1_12' title='bbox 973 308 1187 334; x_wconf 89' lang='lat' dir='ltr'>servorum</span> <span class='ocrx_word' id='word_1_13' title='bbox 1219 308 1357 343; x_wconf 86' lang='lat' dir='ltr'>manu,</span> <span class='ocrx_word' id='word_1_14' title='bbox 1391 308 1518 348; x_wconf 86' lang='lat' dir='ltr'>quum</span> <span class='ocrx_word' id='word_1_15' title='bbox 1555 292 1655 333; x_wconf 88' lang='lat' dir='ltr'>mihi</span> 
     </span>
     <span class='ocr_line' id='line_1_3' title="bbox 58 359 1654 417; baseline -0.004 -14"><span class='ocrx_word' id='word_1_16' title='bbox 58 362 253 410; x_wconf 87' lang='lat' dir='ltr'>adesset;</span> <span class='ocrx_word' id='word_1_17' title='bbox 286 377 368 417; x_wconf 87' lang='lat' dir='ltr'>qua</span> <span class='ocrx_word' id='word_1_18' title='bbox 393 362 434 402; x_wconf 93' lang='lat' dir='ltr'>in</span> <span class='ocrx_word' id='word_1_19' title='bbox 467 363 594 403; x_wconf 86' lang='lat' dir='ltr'>turba</span> <span class='ocrx_word' id='word_1_20' title='bbox 623 361 669 401; x_wconf 91' lang='lat' dir='ltr'>C.</span> <span class='ocrx_word' id='word_1_21' title='bbox 694 360 900 400; x_wconf 79' lang='lat' dir='ltr'>Vibienus</span> <span class='ocrx_word' id='word_1_22' title='bbox 932 363 1112 409; x_wconf 85' lang='lat' dir='ltr'>senator,</span> <span class='ocrx_word' id='word_1_23' title='bbox 1137 359 1197 399; x_wconf 90' lang='lat' dir='ltr'>vir</span> <span class='ocrx_word' id='word_1_24' title='bbox 1230 359 1424 413; x_wconf 88' lang='lat' dir='ltr'>optimus,</span> <span class='ocrx_word' id='word_1_25' title='bbox 1449 374 1543 400; x_wconf 89' lang='lat' dir='ltr'>cum</span> <span class='ocrx_word' id='word_1_26' title='bbox 1574 359 1654 399; x_wconf 97' lang='grc'><strong>1100</strong></span> 
     </span>
     <span class='ocr_line' id='line_1_4' title="bbox 58 424 1653 484; baseline -0.003 -16"><span class='ocrx_word' id='word_1_27' title='bbox 58 443 186 484; x_wconf 90' lang='lat' dir='ltr'>quum</span> <span class='ocrx_word' id='word_1_28' title='bbox 222 432 333 468; x_wconf 90' lang='lat' dir='ltr'>esset</span> <span class='ocrx_word' id='word_1_29' title='bbox 372 442 466 477; x_wconf 84' lang='lat' dir='ltr'>una,</span> <span class='ocrx_word' id='word_1_30' title='bbox 509 427 569 468; x_wconf 88' lang='lat' dir='ltr'>ita</span> <span class='ocrx_word' id='word_1_31' title='bbox 610 431 675 467; x_wconf 86' lang='lat' dir='ltr'>est</span> <span class='ocrx_word' id='word_1_32' title='bbox 715 426 945 466; x_wconf 89' lang='lat' dir='ltr'>mulctatus</span> <span class='ocrx_word' id='word_1_33' title='bbox 983 429 1031 465; x_wconf 90' lang='lat' dir='ltr'>ut</span> <span class='ocrx_word' id='word_1_34' title='bbox 1071 424 1201 465; x_wconf 87' lang='lat' dir='ltr'>vit-am</span> <span class='ocrx_word' id='word_1_35' title='bbox 1240 424 1440 465; x_wconf 87' lang='lat' dir='ltr'>amiserit.</span> <span class='ocrx_word' id='word_1_36' title='bbox 1504 424 1653 478; x_wconf 87' lang='lat' dir='ltr'>Itaque</span> 
     </span>
     <span class='ocr_line' id='line_1_5' title="bbox 59 488 1654 548; baseline -0.003 -15"><span class='ocrx_word' id='word_1_37' title='bbox 59 493 222 548; x_wconf 90' lang='lat' dir='ltr'>quando</span> <span class='ocrx_word' id='word_1_38' title='bbox 245 493 352 533; x_wconf 92' lang='lat' dir='ltr'>illius</span> <span class='ocrx_word' id='word_1_39' title='bbox 374 497 520 547; x_wconf 86' lang='lat' dir='ltr'>postea</span> <span class='ocrx_word' id='word_1_40' title='bbox 541 492 627 532; x_wconf 86' lang='lat' dir='ltr'>sica</span> <span class='ocrx_word' id='word_1_41' title='bbox 657 491 725 531; x_wconf 88' lang='lat' dir='ltr'>illa</span> <span class='ocrx_word' id='word_1_42' title='bbox 754 505 878 545; x_wconf 88' lang='lat' dir='ltr'>quam</span> <span class='ocrx_word' id='word_1_43' title='bbox 899 505 924 530; x_wconf 87' lang='lat' dir='ltr'>a</span> <span class='ocrx_word' id='word_1_44' title='bbox 947 489 1127 531; x_wconf 75' lang='lat' dir='ltr'>Catilina</span> <span class='ocrx_word' id='word_1_45' title='bbox 1147 494 1367 544; x_wconf 87' lang='lat' dir='ltr'>acceperat</span> <span class='ocrx_word' id='word_1_46' title='bbox 1389 488 1624 543; x_wconf 89' lang='lat' dir='ltr'>conquievit</span> <span class='ocrx_word' id='word_1_47' title='bbox 1642 489 1654 528; x_wconf 69' lang='grc' dir='ltr'>ἓ</span> 
     </span>
     <span class='ocr_line' id='line_1_6' title="bbox 60 554 1654 609; baseline -0.003 -11"><span class='ocrx_word' id='word_1_48' title='bbox 60 558 180 598; x_wconf 85' lang='grc' dir='ltr'>Ηο00</span> <span class='ocrx_word' id='word_1_49' title='bbox 211 557 422 598; x_wconf 88' lang='lat' dir='ltr'>intentata</span> <span class='ocrx_word' id='word_1_50' title='bbox 454 556 574 597; x_wconf 86' lang='lat' dir='ltr'>nobis</span> <span class='ocrx_word' id='word_1_51' title='bbox 609 560 689 606; x_wconf 87' lang='lat' dir='ltr'>est,</span> <span class='ocrx_word' id='word_1_52' title='bbox 725 555 821 596; x_wconf 91' lang='lat' dir='ltr'>huic</span> <span class='ocrx_word' id='word_1_53' title='bbox 854 569 931 609; x_wconf 81' lang='lat' dir='ltr'>ego</span> <span class='ocrx_word' id='word_1_54' title='bbox 963 569 1037 595; x_wconf 91' lang='lat' dir='ltr'>vos</span> <span class='ocrx_word' id='word_1_55' title='bbox 1071 554 1196 608; x_wconf 89' lang='lat' dir='ltr'>objici</span> <span class='ocrx_word' id='word_1_56' title='bbox 1232 569 1305 609; x_wconf 88' lang='lat' dir='ltr'>pro</span> <span class='ocrx_word' id='word_1_57' title='bbox 1342 569 1407 594; x_wconf 91' lang='lat' dir='ltr'>me</span> <span class='ocrx_word' id='word_1_58' title='bbox 1443 568 1526 594; x_wconf 86' lang='lat' dir='ltr'>non</span> <span class='ocrx_word' id='word_1_59' title='bbox 1561 568 1654 594; x_wconf 90' lang='lat' dir='ltr'>sum</span> 
     </span>
     <span class='ocr_line' id='line_1_7' title="bbox 58 618 1654 677; baseline -0.003 -15"><span class='ocrx_word' id='word_1_60' title='bbox 58 637 218 677; x_wconf 86' lang='lat' dir='ltr'>passus,</span> <span class='ocrx_word' id='word_1_61' title='bbox 260 621 364 662; x_wconf 87' lang='lat' dir='ltr'>haec</span> <span class='ocrx_word' id='word_1_62' title='bbox 404 621 602 661; x_wconf 88' lang='lat' dir='ltr'>insidiata</span> <span class='ocrx_word' id='word_1_63' title='bbox 637 619 840 674; x_wconf 85' lang='lat' dir='ltr'>Pompeio</span> <span class='ocrx_word' id='word_1_64' title='bbox 882 624 960 670; x_wconf 88' lang='lat' dir='ltr'>est,</span> <span class='ocrx_word' id='word_1_65' title='bbox 996 620 1097 659; x_wconf 86' lang='lat' dir='ltr'>haec</span> <span class='ocrx_word' id='word_1_66' title='bbox 1133 619 1258 660; x_wconf 90' lang='lat' dir='ltr'>istam</span> <span class='ocrx_word' id='word_1_67' title='bbox 1292 618 1475 674; x_wconf 86' lang='lat' dir='ltr'>Appiam</span> <span class='ocrx_word' id='word_1_68' title='bbox 1510 633 1654 658; x_wconf 88' lang='lat' dir='ltr'>monu-</span> 
     </span>
     <span class='ocr_line' id='line_1_8' title="bbox 57 683 1653 740; baseline -0.003 -13"><span class='ocrx_word' id='word_1_69' title='bbox 57 691 243 728; x_wconf 77' lang='lat' dir='ltr'>mentum</span> <span class='ocrx_word' id='word_1_70' title='bbox 272 686 336 726; x_wconf 89' lang='lat' dir='ltr'>sui</span> <span class='ocrx_word' id='word_1_71' title='bbox 369 685 548 727; x_wconf 90' lang='lat' dir='ltr'>nominis</span> <span class='ocrx_word' id='word_1_72' title='bbox 579 700 681 726; x_wconf 90' lang='lat' dir='ltr'>nece</span> <span class='ocrx_word' id='word_1_73' title='bbox 716 684 875 740; x_wconf 90' lang='lat' dir='ltr'>Papirii</span> <span class='ocrx_word' id='word_1_74' title='bbox 907 683 1156 733; x_wconf 73' lang='lat' dir='ltr'>cruentavit,</span> <span class='ocrx_word' id='word_1_75' title='bbox 1199 685 1302 724; x_wconf 90' lang='lat' dir='ltr'>haec</span> <span class='ocrx_word' id='word_1_76' title='bbox 1335 684 1491 730; x_wconf 78' lang='lat' dir='ltr'>eadem,</span> <span class='ocrx_word' id='word_1_77' title='bbox 1529 683 1653 738; x_wconf 74' lang='lat' dir='ltr'>longo</span> 
     </span>
     <span class='ocr_line' id='line_1_9' title="bbox 57 747 1664 804; baseline -0.003 -11"><span class='ocrx_word' id='word_1_78' title='bbox 57 751 274 793; x_wconf 87' lang='lat' dir='ltr'>intervallo</span> <span class='ocrx_word' id='word_1_79' title='bbox 297 766 496 792; x_wconf 87' lang='lat' dir='ltr'>conversa</span> <span class='ocrx_word' id='word_1_80' title='bbox 520 766 663 792; x_wconf 89' lang='lat' dir='ltr'>rursus</span> <span class='ocrx_word' id='word_1_81' title='bbox 692 756 757 792; x_wconf 90' lang='lat' dir='ltr'>est</span> <span class='ocrx_word' id='word_1_82' title='bbox 789 751 831 790; x_wconf 90' lang='lat' dir='ltr'>in</span> <span class='ocrx_word' id='word_1_83' title='bbox 862 765 958 797; x_wconf 67' lang='lat' dir='ltr'>me,</span> <span class='ocrx_word' id='word_1_84' title='bbox 994 764 1128 804; x_wconf 82' lang='lat' dir='ltr'>nuper</span> <span class='ocrx_word' id='word_1_85' title='bbox 1155 749 1333 804; x_wconf 86' lang='lat' dir='ltr'>quidem,</span> <span class='ocrx_word' id='word_1_86' title='bbox 1356 753 1403 790; x_wconf 90' lang='lat' dir='ltr'>ut</span> <span class='ocrx_word' id='word_1_87' title='bbox 1436 747 1563 797; x_wconf 86' lang='lat' dir='ltr'>scitis,</span> <span class='ocrx_word' id='word_1_88' title='bbox 1586 762 1664 787; x_wconf 84' lang='grc'><strong>1110-</strong></span> 
     </span>
     <span class='ocr_line' id='line_1_10' title="bbox 56 813 1654 872; baseline -0.003 -15"><span class='ocrx_word' id='word_1_89' title='bbox 56 818 110 858; x_wconf 90' lang='lat' dir='ltr'>ad</span> <span class='ocrx_word' id='word_1_90' title='bbox 138 817 297 872; x_wconf 84' lang='lat' dir='ltr'>regiam</span> <span class='ocrx_word' id='word_1_91' title='bbox 326 831 458 872; x_wconf 88' lang='lat' dir='ltr'>paene</span> <span class='ocrx_word' id='word_1_92' title='bbox 491 816 683 868; x_wconf 87' lang='lat' dir='ltr'>confecit.</span> <span class='ocrx_word' id='word_1_93' title='bbox 745 815 855 867; x_wconf 89' lang='lat' dir='ltr'>Quid</span> <span class='ocrx_word' id='word_1_94' title='bbox 890 815 1022 855; x_wconf 89' lang='lat' dir='ltr'>simile</span> <span class='ocrx_word' id='word_1_95' title='bbox 1055 814 1256 855; x_wconf 68' lang='lat' dir='ltr'>Milonis?</span> <span class='ocrx_word' id='word_1_96' title='bbox 1288 815 1407 869; x_wconf 88' lang='lat' dir='ltr'>cujus</span> <span class='ocrx_word' id='word_1_97' title='bbox 1427 813 1489 854; x_wconf 88' lang='lat' dir='ltr'>vis</span> <span class='ocrx_word' id='word_1_98' title='bbox 1520 813 1654 853; x_wconf 87' lang='lat' dir='ltr'>omnis</span> 
     </span>
     <span class='ocr_line' id='line_1_11' title="bbox 56 878 1654 937; baseline -0.003 -14"><span class='ocrx_word' id='word_1_99' title='bbox 56 883 159 923; x_wconf 89' lang='lat' dir='ltr'>haec</span> <span class='ocrx_word' id='word_1_100' title='bbox 193 896 356 937; x_wconf 84' lang='lat' dir='ltr'>semper</span> <span class='ocrx_word' id='word_1_101' title='bbox 388 882 479 930; x_wconf 86' lang='lat' dir='ltr'>fuit,</span> <span class='ocrx_word' id='word_1_102' title='bbox 514 897 566 922; x_wconf 92' lang='lat' dir='ltr'>ne</span> <span class='ocrx_word' id='word_1_103' title='bbox 600 881 651 922; x_wconf 92' lang='lat' dir='ltr'>P.</span> <span class='ocrx_word' id='word_1_104' title='bbox 683 880 864 931; x_wconf 82' lang='lat' dir='ltr'>Clodius,</span> <span class='ocrx_word' id='word_1_105' title='bbox 899 895 1027 935; x_wconf 88' lang='lat' dir='ltr'>quum</span> <span class='ocrx_word' id='word_1_106' title='bbox 1062 880 1104 920; x_wconf 91' lang='lat' dir='ltr'>in</span> <span class='ocrx_word' id='word_1_107' title='bbox 1132 880 1338 934; x_wconf 88' lang='lat' dir='ltr'>judicium</span> <span class='ocrx_word' id='word_1_108' title='bbox 1374 878 1537 920; x_wconf 85' lang='lat' dir='ltr'>detrahi</span> <span class='ocrx_word' id='word_1_109' title='bbox 1571 892 1654 918; x_wconf 90' lang='grc'><strong>11011</strong></span> 
     </span>
     <span class='ocr_line' id='line_1_12' title="bbox 57 944 1655 1002; baseline -0.003 -14"><span class='ocrx_word' id='word_1_110' title='bbox 57 954 213 1002; x_wconf 89' lang='lat' dir='ltr'>posset,</span> <span class='ocrx_word' id='word_1_111' title='bbox 236 947 274 988; x_wconf 92' lang='lat' dir='ltr'>vi</span> <span class='ocrx_word' id='word_1_112' title='bbox 305 961 545 1002; x_wconf 81' lang='lat' dir='ltr'>oppressam</span> <span class='ocrx_word' id='word_1_113' title='bbox 572 946 787 988; x_wconf 90' lang='lat' dir='ltr'>civitatem</span> <span class='ocrx_word' id='word_1_114' title='bbox 812 951 989 987; x_wconf 88' lang='lat' dir='ltr'>teneret.</span> <span class='ocrx_word' id='word_1_115' title='bbox 1053 946 1185 997; x_wconf 89' lang='lat' dir='ltr'>Quem</span> <span class='ocrx_word' id='word_1_116' title='bbox 1217 945 1252 986; x_wconf 89' lang='lat' dir='ltr'>si</span> <span class='ocrx_word' id='word_1_117' title='bbox 1285 945 1522 986; x_wconf 89' lang='lat' dir='ltr'>interficere</span> <span class='ocrx_word' id='word_1_118' title='bbox 1542 944 1655 985; x_wconf 76' lang='lat' dir='ltr'>volu-</span> 
     </span>
     <span class='ocr_line' id='line_1_13' title="bbox 56 1010 1652 1067; baseline -0.002 -14"><span class='ocrx_word' id='word_1_119' title='bbox 56 1012 171 1062; x_wconf 86' lang='lat' dir='ltr'>isset,</span> <span class='ocrx_word' id='word_1_120' title='bbox 216 1013 381 1067; x_wconf 87' lang='lat' dir='ltr'>quoties</span> <span class='ocrx_word' id='word_1_121' title='bbox 420 1017 465 1054; x_wconf 90' lang='lat' dir='ltr'>et</span> <span class='ocrx_word' id='word_1_122' title='bbox 512 1017 693 1067; x_wconf 85' lang='lat' dir='ltr'>quantae</span> <span class='ocrx_word' id='word_1_123' title='bbox 734 1011 985 1059; x_wconf 78' lang='lat' dir='ltr'>occasiones,</span> <span class='ocrx_word' id='word_1_124' title='bbox 1027 1025 1151 1064; x_wconf 90' lang='lat' dir='ltr'>quam</span> <span class='ocrx_word' id='word_1_125' title='bbox 1192 1011 1428 1065; x_wconf 83' lang='lat' dir='ltr'>praeclarae</span> <span class='ocrx_word' id='word_1_126' title='bbox 1468 1010 1652 1050; x_wconf 86' lang='lat' dir='ltr'>fuerunt.</span> 
     </span>
     <span class='ocr_line' id='line_1_14' title="bbox 58 1074 1653 1132; baseline -0.002 -15"><span class='ocrx_word' id='word_1_127' title='bbox 58 1077 274 1128; x_wconf 83' lang='lat' dir='ltr'>Potuitne,</span> <span class='ocrx_word' id='word_1_128' title='bbox 300 1092 427 1132; x_wconf 88' lang='lat' dir='ltr'>quum</span> <span class='ocrx_word' id='word_1_129' title='bbox 452 1078 621 1118; x_wconf 90' lang='lat' dir='ltr'>domum</span> <span class='ocrx_word' id='word_1_130' title='bbox 646 1092 696 1118; x_wconf 89' lang='lat' dir='ltr'>ac</span> <span class='ocrx_word' id='word_1_131' title='bbox 724 1077 825 1117; x_wconf 89' lang='lat' dir='ltr'>deos</span> <span class='ocrx_word' id='word_1_132' title='bbox 855 1081 1031 1131; x_wconf 87' lang='lat' dir='ltr'>penates</span> <span class='ocrx_word' id='word_1_133' title='bbox 1064 1090 1163 1116; x_wconf 89' lang='lat' dir='ltr'>suos</span> <span class='ocrx_word' id='word_1_134' title='bbox 1194 1076 1262 1116; x_wconf 93' lang='lat' dir='ltr'>illo</span> <span class='ocrx_word' id='word_1_135' title='bbox 1292 1079 1561 1130; x_wconf 83' lang='lat' dir='ltr'>oppugnante</span> <span class='ocrx_word' id='word_1_136' title='bbox 1584 1074 1653 1114; x_wconf 87' lang='lat' dir='ltr'>de-</span> 
     </span>
     <span class='ocr_line' id='line_1_15' title="bbox 57 1140 1653 1196; baseline -0.003 -14"><span class='ocrx_word' id='word_1_137' title='bbox 57 1142 258 1190; x_wconf 84' lang='lat' dir='ltr'>fenderet,</span> <span class='ocrx_word' id='word_1_138' title='bbox 283 1143 377 1196; x_wconf 87' lang='lat' dir='ltr'>jure</span> <span class='ocrx_word' id='word_1_139' title='bbox 406 1157 450 1183; x_wconf 85' lang='lat' dir='ltr'>se</span> <span class='ocrx_word' id='word_1_140' title='bbox 483 1142 659 1182; x_wconf 71' lang='lat' dir='ltr'>ulcisci?</span> <span class='ocrx_word' id='word_1_141' title='bbox 689 1141 883 1196; x_wconf 86' lang='lat' dir='ltr'>potuitne</span> <span class='ocrx_word' id='word_1_142' title='bbox 916 1141 1003 1181; x_wconf 88' lang='lat' dir='ltr'>cive</span> <span class='ocrx_word' id='word_1_143' title='bbox 1032 1140 1201 1195; x_wconf 78' lang='lat' dir='ltr'>egregio</span> <span class='ocrx_word' id='word_1_144' title='bbox 1234 1145 1278 1180; x_wconf 89' lang='lat' dir='ltr'>et</span> <span class='ocrx_word' id='word_1_145' title='bbox 1303 1140 1389 1180; x_wconf 87' lang='lat' dir='ltr'>viro</span> <span class='ocrx_word' id='word_1_146' title='bbox 1425 1140 1653 1181; x_wconf 86' lang='lat' dir='ltr'>fortissimo</span> 
     </span>
     <span class='ocr_line' id='line_1_16' title="bbox 58 1204 1653 1261; baseline -0.003 -13"><span class='ocrx_word' id='word_1_147' title='bbox 58 1207 108 1247; x_wconf 88' lang='lat' dir='ltr'>P.</span> <span class='ocrx_word' id='word_1_148' title='bbox 134 1207 272 1248; x_wconf 83' lang='lat' dir='ltr'>Sestio</span> <span class='ocrx_word' id='word_1_149' title='bbox 305 1207 465 1261; x_wconf 80' lang='lat' dir='ltr'>collega</span> <span class='ocrx_word' id='word_1_150' title='bbox 496 1221 570 1247; x_wconf 90' lang='lat' dir='ltr'>suo</span> <span class='ocrx_word' id='word_1_151' title='bbox 592 1206 840 1247; x_wconf 66' lang='lat' dir='ltr'>vulnerato?</span> <span class='ocrx_word' id='word_1_152' title='bbox 871 1205 1065 1260; x_wconf 85' lang='lat' dir='ltr'>potuitne</span> <span class='ocrx_word' id='word_1_153' title='bbox 1089 1204 1139 1255; x_wconf 88' lang='lat' dir='ltr'>Q.</span> <span class='ocrx_word' id='word_1_154' title='bbox 1164 1204 1361 1244; x_wconf 82' lang='lat' dir='ltr'>Fabricio</span> <span class='ocrx_word' id='word_1_155' title='bbox 1382 1204 1470 1245; x_wconf 89' lang='lat' dir='ltr'>viro</span> <span class='ocrx_word' id='word_1_156' title='bbox 1493 1204 1653 1259; x_wconf 84' lang='lat' dir='ltr'>optimo</span> 
     </span>
     <span class='ocr_line' id='line_1_17' title="bbox 56 1269 1654 1327; baseline -0.002 -15"><span class='ocrx_word' id='word_1_157' title='bbox 56 1287 183 1326; x_wconf 89' lang='lat' dir='ltr'>quum</span> <span class='ocrx_word' id='word_1_158' title='bbox 204 1273 255 1313; x_wconf 88' lang='lat' dir='ltr'>de</span> <span class='ocrx_word' id='word_1_159' title='bbox 275 1272 413 1313; x_wconf 89' lang='lat' dir='ltr'>reditu</span> <span class='ocrx_word' id='word_1_160' title='bbox 435 1286 528 1312; x_wconf 88' lang='lat' dir='ltr'>meo</span> <span class='ocrx_word' id='word_1_161' title='bbox 553 1272 688 1327; x_wconf 79' lang='lat' dir='ltr'>legem</span> <span class='ocrx_word' id='word_1_162' title='bbox 715 1273 845 1312; x_wconf 84' lang='lat' dir='ltr'>ferret</span> <span class='ocrx_word' id='word_1_163' title='bbox 876 1272 1009 1326; x_wconf 87' lang='lat' dir='ltr'>pulso,</span> <span class='ocrx_word' id='word_1_164' title='bbox 1032 1269 1318 1311; x_wconf 87' lang='lat' dir='ltr'>crudelissima</span> <span class='ocrx_word' id='word_1_165' title='bbox 1348 1270 1389 1310; x_wconf 89' lang='lat' dir='ltr'>in</span> <span class='ocrx_word' id='word_1_166' title='bbox 1416 1270 1505 1310; x_wconf 88' lang='lat' dir='ltr'>foro</span> <span class='ocrx_word' id='word_1_167' title='bbox 1529 1270 1654 1310; x_wconf 88' lang='lat' dir='ltr'>caede</span> 
     </span>
     <span class='ocr_line' id='line_1_18' title="bbox 56 1335 1654 1393; baseline -0.003 -15"><span class='ocrx_word' id='word_1_168' title='bbox 56 1338 197 1379; x_wconf 63' lang='lat' dir='ltr'>facta?</span> <span class='ocrx_word' id='word_1_169' title='bbox 227 1338 420 1393; x_wconf 88' lang='lat' dir='ltr'>potuitne</span> <span class='ocrx_word' id='word_1_170' title='bbox 445 1337 494 1379; x_wconf 90' lang='lat' dir='ltr'>L.</span> <span class='ocrx_word' id='word_1_171' title='bbox 520 1337 687 1379; x_wconf 81' lang='lat' dir='ltr'>Caecilii</span> <span class='ocrx_word' id='word_1_172' title='bbox 704 1336 928 1392; x_wconf 86' lang='lat' dir='ltr'>justissimi</span> <span class='ocrx_word' id='word_1_173' title='bbox 949 1335 1246 1391; x_wconf 85' lang='lat' dir='ltr'>fortissimique</span> <span class='ocrx_word' id='word_1_174' title='bbox 1267 1335 1474 1391; x_wconf 87' lang='lat' dir='ltr'>praetoris</span> <span class='ocrx_word' id='word_1_175' title='bbox 1496 1349 1654 1390; x_wconf 86' lang='lat' dir='ltr'>oppug-</span> 
     </span>
    </p>
   </div>
   <div class='ocr_carea' id='block_1_2' title="bbox 879 1505 1654 1589">
    <p class='ocr_par' dir='ltr' id='par_1_2' title="bbox 879 1505 1654 1589">
     <span class='ocr_line' id='line_1_19' title="bbox 881 1505 1654 1546; baseline -0.003 -9"><span class='ocrx_word' id='word_1_176' title='bbox 881 1517 937 1537; x_wconf 87' lang='lat' dir='ltr'>suo</span> <span class='ocrx_word' id='word_1_177' title='bbox 969 1509 1006 1536; x_wconf 87' lang='lat' dir='ltr'>ut</span> <span class='ocrx_word' id='word_1_178' title='bbox 1037 1509 1146 1546; x_wconf 87' lang='lat' dir='ltr'>putem</span> <span class='ocrx_word' id='word_1_179' title='bbox 1182 1506 1269 1546; x_wconf 84' lang='lat' dir='ltr'>loqui</span> <span class='ocrx_word' id='word_1_180' title='bbox 1304 1516 1375 1536; x_wconf 90' lang='lat' dir='ltr'>eum</span> <span class='ocrx_word' id='word_1_181' title='bbox 1408 1505 1483 1535; x_wconf 87' lang='lat' dir='ltr'>facit</span> <span class='ocrx_word' id='word_1_182' title='bbox 1512 1508 1545 1535; x_wconf 86' lang='lat' dir='ltr'>et</span> <span class='ocrx_word' id='word_1_183' title='bbox 1567 1505 1654 1535; x_wconf 84' lang='lat' dir='ltr'>locus</span> 
     </span>
     <span class='ocr_line' id='line_1_20' title="bbox 879 1549 1653 1589; baseline -0.001 -10"><span class='ocrx_word' id='word_1_184' title='bbox 879 1559 1122 1589; x_wconf 78' lang='lat' dir='ltr'>pugnae—nam</span> <span class='ocrx_word' id='word_1_185' title='bbox 1149 1549 1180 1579; x_wconf 93' lang='lat' dir='ltr'>in</span> <span class='ocrx_word' id='word_1_186' title='bbox 1209 1559 1296 1579; x_wconf 86' lang='lat' dir='ltr'>sacra</span> <span class='ocrx_word' id='word_1_187' title='bbox 1325 1549 1374 1578; x_wconf 87' lang='lat' dir='ltr'>via</span> <span class='ocrx_word' id='word_1_188' title='bbox 1404 1549 1538 1579; x_wconf 85' lang='lat' dir='ltr'>traditur</span> <span class='ocrx_word' id='word_1_189' title='bbox 1568 1559 1653 1578; x_wconf 87' lang='lat' dir='ltr'>com-</span> 
     </span>
    </p>
   </div>
   <div class='ocr_carea' id='block_1_3' title="bbox 57 1507 836 1590">
    <p class='ocr_par' dir='ltr' id='par_1_3' title="bbox 57 1507 836 1590">
     <span class='ocr_line' id='line_1_21' title="bbox 58 1507 835 1539; baseline -0.001 -2"><span class='ocrx_word' id='word_1_190' title='bbox 58 1508 128 1538; x_wconf 90' lang='lat' dir='ltr'>who</span> <span class='ocrx_word' id='word_1_191' title='bbox 144 1511 228 1539; x_wconf 87' lang='lat' dir='ltr'>went</span> <span class='ocrx_word' id='word_1_192' title='bbox 251 1511 285 1538; x_wconf 91' lang='lat' dir='ltr'>to</span> <span class='ocrx_word' id='word_1_193' title='bbox 310 1508 365 1538; x_wconf 91' lang='lat' dir='ltr'>the</span> <span class='ocrx_word' id='word_1_194' title='bbox 382 1510 489 1538; x_wconf 84' lang='lat' dir='ltr'>senate</span> <span class='ocrx_word' id='word_1_195' title='bbox 505 1508 565 1538; x_wconf 87' lang='lat' dir='ltr'>and</span> <span class='ocrx_word' id='word_1_196' title='bbox 582 1510 615 1538; x_wconf 84' lang='lat' dir='ltr'>to</span> <span class='ocrx_word' id='word_1_197' title='bbox 633 1507 786 1538; x_wconf 83' lang='lat' dir='ltr'>Gabinius</span> <span class='ocrx_word' id='word_1_198' title='bbox 802 1510 835 1537; x_wconf 89' lang='lat' dir='ltr'>to</span> 
     </span>
     <span class='ocr_line' id='line_1_22' title="bbox 57 1549 836 1590; baseline 0 -10"><span class='ocrx_word' id='word_1_199' title='bbox 57 1551 216 1582; x_wconf 78' lang='lat' dir='ltr'>intercede</span> <span class='ocrx_word' id='word_1_200' title='bbox 242 1551 289 1581; x_wconf 89' lang='lat' dir='ltr'>for</span> <span class='ocrx_word' id='word_1_201' title='bbox 314 1552 423 1582; x_wconf 89' lang='lat' dir='ltr'>Cicero</span> <span class='ocrx_word' id='word_1_202' title='bbox 452 1552 574 1589; x_wconf 82' lang='lat' dir='ltr'>against</span> <span class='ocrx_word' id='word_1_203' title='bbox 599 1551 727 1581; x_wconf 87' lang='lat' dir='ltr'>Clodius</span> <span class='ocrx_word' id='word_1_204' title='bbox 759 1549 836 1590; x_wconf 79' lang='lat' dir='ltr'>(Pro</span> 
     </span>
    </p>
   </div>
   <div class='ocr_carea' id='block_1_4' title="bbox 58 1593 838 2960">
    <p class='ocr_par' dir='ltr' id='par_1_4' title="bbox 58 1593 838 2352">
     <span class='ocr_line' id='line_1_23' title="bbox 59 1593 834 1633; baseline -0.001 -9"><span class='ocrx_word' id='word_1_205' title='bbox 59 1595 172 1631; x_wconf 79' lang='lat' dir='ltr'>Sestio,</span> <span class='ocrx_word' id='word_1_206' title='bbox 191 1605 217 1624; x_wconf 88' lang='grc'>0.</span> <span class='ocrx_word' id='word_1_207' title='bbox 238 1596 287 1630; x_wconf 79' lang='lat'>11,</span> <span class='ocrx_word' id='word_1_208' title='bbox 307 1596 355 1631; x_wconf 86' lang='lat'>12,</span> <span class='ocrx_word' id='word_1_209' title='bbox 373 1594 433 1624; x_wconf 89' lang='lat' dir='ltr'>and</span> <span class='ocrx_word' id='word_1_210' title='bbox 451 1595 506 1624; x_wconf 88' lang='lat' dir='ltr'>the</span> <span class='ocrx_word' id='word_1_211' title='bbox 516 1593 633 1633; x_wconf 89' lang='lat' dir='ltr'>notes).</span> <span class='ocrx_word' id='word_1_212' title='bbox 665 1594 761 1623; x_wconf 90' lang='lat' dir='ltr'>Halm</span> <span class='ocrx_word' id='word_1_213' title='bbox 778 1593 834 1623; x_wconf 92' lang='lat' dir='ltr'>ob-</span> 
     </span>
     <span class='ocr_line' id='line_1_24' title="bbox 59 1636 835 1676; baseline -0.003 -9"><span class='ocrx_word' id='word_1_214' title='bbox 59 1648 162 1668; x_wconf 82' lang='lat' dir='ltr'>serves</span> <span class='ocrx_word' id='word_1_215' title='bbox 189 1638 259 1668; x_wconf 88' lang='lat' dir='ltr'>that</span> <span class='ocrx_word' id='word_1_216' title='bbox 284 1638 368 1667; x_wconf 92' lang='lat' dir='ltr'>Dion</span> <span class='ocrx_word' id='word_1_217' title='bbox 397 1638 524 1667; x_wconf 87' lang='lat' dir='ltr'>Cassius</span> <span class='ocrx_word' id='word_1_218' title='bbox 553 1638 619 1676; x_wconf 82' lang='lat'>(33,</span> <span class='ocrx_word' id='word_1_219' title='bbox 638 1647 663 1666; x_wconf 91' lang='lat' dir='ltr'>c.</span> <span class='ocrx_word' id='word_1_220' title='bbox 685 1637 739 1674; x_wconf 79' lang='lat'>16)</span> <span class='ocrx_word' id='word_1_221' title='bbox 765 1636 835 1666; x_wconf 90' lang='lat' dir='ltr'>who</span> 
     </span>
     <span class='ocr_line' id='line_1_25' title="bbox 59 1680 834 1720; baseline -0.001 -10"><span class='ocrx_word' id='word_1_222' title='bbox 59 1681 170 1720; x_wconf 83' lang='lat' dir='ltr'>speaks</span> <span class='ocrx_word' id='word_1_223' title='bbox 197 1681 232 1711; x_wconf 92' lang='lat' dir='ltr'>of</span> <span class='ocrx_word' id='word_1_224' title='bbox 258 1681 322 1710; x_wconf 86' lang='lat' dir='ltr'>this</span> <span class='ocrx_word' id='word_1_225' title='bbox 353 1681 538 1719; x_wconf 83' lang='lat' dir='ltr'>deputation</span> <span class='ocrx_word' id='word_1_226' title='bbox 568 1683 602 1709; x_wconf 89' lang='lat' dir='ltr'>to</span> <span class='ocrx_word' id='word_1_227' title='bbox 632 1680 687 1709; x_wconf 84' lang='lat' dir='ltr'>the</span> <span class='ocrx_word' id='word_1_228' title='bbox 715 1682 834 1715; x_wconf 85' lang='lat' dir='ltr'>senate,</span> 
     </span>
     <span class='ocr_line' id='line_1_26' title="bbox 59 1723 834 1763; baseline -0.003 -10"><span class='ocrx_word' id='word_1_229' title='bbox 59 1733 129 1762; x_wconf 83' lang='lat' dir='ltr'>says</span> <span class='ocrx_word' id='word_1_230' title='bbox 145 1724 279 1763; x_wconf 87' lang='lat' dir='ltr'>nothing</span> <span class='ocrx_word' id='word_1_231' title='bbox 294 1723 330 1752; x_wconf 91' lang='lat' dir='ltr'>of</span> <span class='ocrx_word' id='word_1_232' title='bbox 349 1724 514 1758; x_wconf 86' lang='lat' dir='ltr'>Vibienus,</span> <span class='ocrx_word' id='word_1_233' title='bbox 542 1733 602 1752; x_wconf 92' lang='lat' dir='ltr'>nor</span> <span class='ocrx_word' id='word_1_234' title='bbox 626 1723 701 1752; x_wconf 86' lang='lat' dir='ltr'>does</span> <span class='ocrx_word' id='word_1_235' title='bbox 724 1723 834 1753; x_wconf 87' lang='lat' dir='ltr'>Cicero</span> 
     </span>
     <span class='ocr_line' id='line_1_27' title="bbox 59 1765 836 1805; baseline -0.004 -9"><span class='ocrx_word' id='word_1_236' title='bbox 59 1767 92 1796; x_wconf 85' lang='lat' dir='ltr'>in</span> <span class='ocrx_word' id='word_1_237' title='bbox 116 1767 171 1796; x_wconf 87' lang='lat' dir='ltr'>the</span> <span class='ocrx_word' id='word_1_238' title='bbox 194 1767 253 1796; x_wconf 89' lang='lat' dir='ltr'>Pro</span> <span class='ocrx_word' id='word_1_239' title='bbox 279 1766 380 1796; x_wconf 88' lang='lat' dir='ltr'>Sestio</span> <span class='ocrx_word' id='word_1_240' title='bbox 406 1766 449 1804; x_wconf 91' lang='lat' dir='ltr'>(c.</span> <span class='ocrx_word' id='word_1_241' title='bbox 469 1767 519 1802; x_wconf 89' lang='lat' dir='ltr'>ll,</span> <span class='ocrx_word' id='word_1_242' title='bbox 544 1765 609 1805; x_wconf 80' lang='lat'>12),</span> <span class='ocrx_word' id='word_1_243' title='bbox 634 1765 738 1794; x_wconf 76' lang='lat' dir='ltr'>where</span> <span class='ocrx_word' id='word_1_244' title='bbox 765 1765 836 1794; x_wconf 85' lang='lat' dir='ltr'>“he</span> 
     </span>
     <span class='ocr_line' id='line_1_28' title="bbox 59 1807 834 1848; baseline -0.003 -10"><span class='ocrx_word' id='word_1_245' title='bbox 59 1809 209 1848; x_wconf 89' lang='lat' dir='ltr'>certainly</span> <span class='ocrx_word' id='word_1_246' title='bbox 226 1809 329 1839; x_wconf 89' lang='lat' dir='ltr'>would</span> <span class='ocrx_word' id='word_1_247' title='bbox 345 1812 402 1838; x_wconf 93' lang='lat' dir='ltr'>not</span> <span class='ocrx_word' id='word_1_248' title='bbox 416 1809 495 1838; x_wconf 86' lang='lat' dir='ltr'>have</span> <span class='ocrx_word' id='word_1_249' title='bbox 510 1808 604 1837; x_wconf 87' lang='lat' dir='ltr'>failed</span> <span class='ocrx_word' id='word_1_250' title='bbox 620 1810 653 1837; x_wconf 90' lang='lat' dir='ltr'>to</span> <span class='ocrx_word' id='word_1_251' title='bbox 678 1807 834 1847; x_wconf 88' lang='lat' dir='ltr'>complain</span> 
     </span>
     <span class='ocr_line' id='line_1_29' title="bbox 59 1849 838 1889; baseline -0.001 -9"><span class='ocrx_word' id='word_1_252' title='bbox 59 1851 94 1880; x_wconf 90' lang='lat' dir='ltr'>of</span> <span class='ocrx_word' id='word_1_253' title='bbox 111 1852 166 1881; x_wconf 89' lang='lat' dir='ltr'>the</span> <span class='ocrx_word' id='word_1_254' title='bbox 190 1851 321 1881; x_wconf 86' lang='lat' dir='ltr'>crime.’&#39;</span> <span class='ocrx_word' id='word_1_255' title='bbox 367 1851 445 1880; x_wconf 91' lang='lat' dir='ltr'>This</span> <span class='ocrx_word' id='word_1_256' title='bbox 466 1851 492 1881; x_wconf 89' lang='lat' dir='ltr'>is</span> <span class='ocrx_word' id='word_1_257' title='bbox 516 1860 556 1880; x_wconf 96' lang='grc'>011</span> <span class='ocrx_word' id='word_1_258' title='bbox 578 1850 687 1880; x_wconf 87' lang='lat' dir='ltr'>unsafe</span> <span class='ocrx_word' id='word_1_259' title='bbox 711 1860 778 1889; x_wconf 86' lang='lat' dir='ltr'>way</span> <span class='ocrx_word' id='word_1_260' title='bbox 803 1849 838 1879; x_wconf 87' lang='lat' dir='ltr'>of</span> 
     </span>
     <span class='ocr_line' id='line_1_30' title="bbox 59 1892 834 1933; baseline -0.003 -10"><span class='ocrx_word' id='word_1_261' title='bbox 59 1895 180 1933; x_wconf 83' lang='lat' dir='ltr'>getting</span> <span class='ocrx_word' id='word_1_262' title='bbox 196 1898 228 1923; x_wconf 91' lang='lat' dir='ltr'>at</span> <span class='ocrx_word' id='word_1_263' title='bbox 243 1904 261 1923; x_wconf 91' lang='lat' dir='ltr'>a</span> <span class='ocrx_word' id='word_1_264' title='bbox 277 1893 467 1923; x_wconf 88' lang='lat' dir='ltr'>conclusion.</span> <span class='ocrx_word' id='word_1_265' title='bbox 515 1893 612 1922; x_wconf 88' lang='lat' dir='ltr'>Halm</span> <span class='ocrx_word' id='word_1_266' title='bbox 639 1892 760 1922; x_wconf 84' lang='lat' dir='ltr'>further</span> <span class='ocrx_word' id='word_1_267' title='bbox 785 1902 834 1921; x_wconf 90' lang='lat' dir='ltr'>re-</span> 
     </span>
     <span class='ocr_line' id='line_1_31' title="bbox 59 1935 835 1966; baseline -0.003 0"><span class='ocrx_word' id='word_1_268' title='bbox 59 1937 165 1966; x_wconf 85' lang='lat' dir='ltr'>marks</span> <span class='ocrx_word' id='word_1_269' title='bbox 195 1937 265 1966; x_wconf 86' lang='lat' dir='ltr'>that</span> <span class='ocrx_word' id='word_1_270' title='bbox 287 1947 306 1966; x_wconf 92' lang='lat' dir='ltr'>a</span> <span class='ocrx_word' id='word_1_271' title='bbox 330 1940 457 1965; x_wconf 90' lang='lat' dir='ltr'>senator</span> <span class='ocrx_word' id='word_1_272' title='bbox 486 1935 600 1965; x_wconf 89' lang='lat' dir='ltr'>named</span> <span class='ocrx_word' id='word_1_273' title='bbox 628 1935 663 1965; x_wconf 93' lang='lat' dir='ltr'>C.</span> <span class='ocrx_word' id='word_1_274' title='bbox 680 1935 835 1964; x_wconf 86' lang='lat' dir='ltr'>Vibienus</span> 
     </span>
     <span class='ocr_line' id='line_1_32' title="bbox 59 1978 834 2009; baseline -0.004 0"><span class='ocrx_word' id='word_1_275' title='bbox 59 1990 121 2009; x_wconf 83' lang='lat' dir='ltr'>was</span> <span class='ocrx_word' id='word_1_276' title='bbox 146 1979 280 2009; x_wconf 88' lang='lat' dir='ltr'>crushed</span> <span class='ocrx_word' id='word_1_277' title='bbox 297 1983 329 2009; x_wconf 91' lang='lat' dir='ltr'>to</span> <span class='ocrx_word' id='word_1_278' title='bbox 351 1979 445 2008; x_wconf 88' lang='lat' dir='ltr'>death</span> <span class='ocrx_word' id='word_1_279' title='bbox 468 1979 501 2007; x_wconf 92' lang='lat' dir='ltr'>in</span> <span class='ocrx_word' id='word_1_280' title='bbox 526 1979 580 2007; x_wconf 89' lang='lat' dir='ltr'>the</span> <span class='ocrx_word' id='word_1_281' title='bbox 608 1978 710 2007; x_wconf 79' lang='lat' dir='ltr'>crowd</span> <span class='ocrx_word' id='word_1_282' title='bbox 732 1978 834 2007; x_wconf 88' lang='lat' dir='ltr'>which</span> 
     </span>
     <span class='ocr_line' id='line_1_33' title="bbox 59 2020 835 2060; baseline -0.004 -8"><span class='ocrx_word' id='word_1_283' title='bbox 59 2022 208 2053; x_wconf 87' lang='lat' dir='ltr'>collected</span> <span class='ocrx_word' id='word_1_284' title='bbox 224 2022 321 2052; x_wconf 90' lang='lat' dir='ltr'>about</span> <span class='ocrx_word' id='word_1_285' title='bbox 345 2020 486 2052; x_wconf 84' lang='lat' dir='ltr'>Clodius&#39;</span> <span class='ocrx_word' id='word_1_286' title='bbox 518 2021 600 2060; x_wconf 89' lang='lat' dir='ltr'>body</span> <span class='ocrx_word' id='word_1_287' title='bbox 625 2020 754 2060; x_wconf 79' lang='lat' dir='ltr'>(Ascon.</span> <span class='ocrx_word' id='word_1_288' title='bbox 782 2020 835 2050; x_wconf 86' lang='lat' dir='ltr'>In-</span> 
     </span>
     <span class='ocr_line' id='line_1_34' title="bbox 58 2063 835 2105; baseline -0.004 -10"><span class='ocrx_word' id='word_1_289' title='bbox 58 2065 172 2105; x_wconf 88' lang='lat' dir='ltr'>trod.):</span> <span class='ocrx_word' id='word_1_290' title='bbox 203 2065 443 2104; x_wconf 88' lang='lat' dir='ltr'>“Accordingly</span> <span class='ocrx_word' id='word_1_291' title='bbox 465 2074 511 2094; x_wconf 88' lang='lat' dir='ltr'>we</span> <span class='ocrx_word' id='word_1_292' title='bbox 533 2073 586 2093; x_wconf 87' lang='lat' dir='ltr'>are</span> <span class='ocrx_word' id='word_1_293' title='bbox 613 2063 708 2102; x_wconf 85' lang='lat' dir='ltr'>easily</span> <span class='ocrx_word' id='word_1_294' title='bbox 730 2063 781 2092; x_wconf 88' lang='lat' dir='ltr'>led</span> <span class='ocrx_word' id='word_1_295' title='bbox 802 2066 835 2093; x_wconf 91' lang='lat' dir='ltr'>to</span> 
     </span>
     <span class='ocr_line' id='line_1_35' title="bbox 58 2106 835 2138; baseline -0.004 0"><span class='ocrx_word' id='word_1_296' title='bbox 58 2118 183 2138; x_wconf 86' lang='lat' dir='ltr'>assume</span> <span class='ocrx_word' id='word_1_297' title='bbox 205 2108 276 2138; x_wconf 91' lang='lat' dir='ltr'>that</span> <span class='ocrx_word' id='word_1_298' title='bbox 300 2108 354 2137; x_wconf 87' lang='lat' dir='ltr'>the</span> <span class='ocrx_word' id='word_1_299' title='bbox 380 2107 521 2137; x_wconf 86' lang='lat' dir='ltr'>mention</span> <span class='ocrx_word' id='word_1_300' title='bbox 548 2107 582 2136; x_wconf 89' lang='lat' dir='ltr'>of</span> <span class='ocrx_word' id='word_1_301' title='bbox 605 2106 668 2136; x_wconf 89' lang='lat' dir='ltr'>this</span> <span class='ocrx_word' id='word_1_302' title='bbox 693 2116 786 2136; x_wconf 89' lang='lat' dir='ltr'>name</span> <span class='ocrx_word' id='word_1_303' title='bbox 809 2106 835 2136; x_wconf 92' lang='lat' dir='ltr'>is</span> 
     </span>
     <span class='ocr_line' id='line_1_36' title="bbox 59 2149 834 2190; baseline -0.004 -10"><span class='ocrx_word' id='word_1_304' title='bbox 59 2152 163 2190; x_wconf 84' lang='lat' dir='ltr'>owing</span> <span class='ocrx_word' id='word_1_305' title='bbox 193 2151 293 2181; x_wconf 88' lang='lat' dir='ltr'>either</span> <span class='ocrx_word' id='word_1_306' title='bbox 323 2154 356 2180; x_wconf 88' lang='lat' dir='ltr'>to</span> <span class='ocrx_word' id='word_1_307' title='bbox 387 2160 426 2180; x_wconf 90' lang='lat' dir='ltr'>an</span> <span class='ocrx_word' id='word_1_308' title='bbox 456 2149 644 2179; x_wconf 89' lang='lat' dir='ltr'>intentional</span> <span class='ocrx_word' id='word_1_309' title='bbox 666 2159 700 2178; x_wconf 89' lang='lat' dir='ltr'>or</span> <span class='ocrx_word' id='word_1_310' title='bbox 723 2159 763 2178; x_wconf 87' lang='lat' dir='ltr'>an</span> <span class='ocrx_word' id='word_1_311' title='bbox 786 2150 834 2178; x_wconf 90' lang='lat' dir='ltr'>in-</span> 
     </span>
     <span class='ocr_line' id='line_1_37' title="bbox 59 2191 836 2233; baseline -0.004 -9"><span class='ocrx_word' id='word_1_312' title='bbox 59 2195 224 2233; x_wconf 88' lang='lat' dir='ltr'>voluntary</span> <span class='ocrx_word' id='word_1_313' title='bbox 251 2204 337 2224; x_wconf 88' lang='lat' dir='ltr'>error</span> <span class='ocrx_word' id='word_1_314' title='bbox 366 2193 401 2222; x_wconf 92' lang='lat' dir='ltr'>of</span> <span class='ocrx_word' id='word_1_315' title='bbox 436 2191 579 2223; x_wconf 87' lang='lat' dir='ltr'>Cicero.”</span> <span class='ocrx_word' id='word_1_316' title='bbox 626 2192 702 2222; x_wconf 89' lang='lat' dir='ltr'>This</span> <span class='ocrx_word' id='word_1_317' title='bbox 729 2193 755 2221; x_wconf 92' lang='lat' dir='ltr'>is</span> <span class='ocrx_word' id='word_1_318' title='bbox 779 2195 836 2222; x_wconf 89' lang='lat' dir='ltr'>not</span> 
     </span>
     <span class='ocr_line' id='line_1_38' title="bbox 59 2234 834 2276; baseline -0.004 -9"><span class='ocrx_word' id='word_1_319' title='bbox 59 2248 78 2267; x_wconf 86' lang='lat' dir='ltr'>a</span> <span class='ocrx_word' id='word_1_320' title='bbox 107 2237 304 2276; x_wconf 82' lang='lat' dir='ltr'>satisfactory</span> <span class='ocrx_word' id='word_1_321' title='bbox 337 2235 550 2275; x_wconf 83' lang='lat' dir='ltr'>explanation.</span> <span class='ocrx_word' id='word_1_322' title='bbox 596 2234 705 2265; x_wconf 89' lang='lat' dir='ltr'>Cicero</span> <span class='ocrx_word' id='word_1_323' title='bbox 742 2235 834 2264; x_wconf 89' lang='lat' dir='ltr'>could</span> 
     </span>
     <span class='ocr_line' id='line_1_39' title="bbox 60 2277 834 2317; baseline -0.003 -8"><span class='ocrx_word' id='word_1_324' title='bbox 60 2284 116 2310; x_wconf 91' lang='lat' dir='ltr'>not</span> <span class='ocrx_word' id='word_1_325' title='bbox 137 2281 278 2309; x_wconf 88' lang='lat' dir='ltr'>misstate</span> <span class='ocrx_word' id='word_1_326' title='bbox 299 2289 333 2309; x_wconf 87' lang='lat' dir='ltr'>so</span> <span class='ocrx_word' id='word_1_327' title='bbox 354 2279 515 2308; x_wconf 87' lang='lat' dir='ltr'>notorious</span> <span class='ocrx_word' id='word_1_328' title='bbox 531 2288 549 2307; x_wconf 92' lang='lat' dir='ltr'>a</span> <span class='ocrx_word' id='word_1_329' title='bbox 564 2277 636 2314; x_wconf 87' lang='lat' dir='ltr'>fact,</span> <span class='ocrx_word' id='word_1_330' title='bbox 652 2288 710 2308; x_wconf 90' lang='lat' dir='ltr'>nor</span> <span class='ocrx_word' id='word_1_331' title='bbox 733 2278 834 2317; x_wconf 87' lang='lat' dir='ltr'>forget</span> 
     </span>
     <span class='ocr_line' id='line_1_40' title="bbox 59 2323 94 2352; baseline 0 0"><span class='ocrx_word' id='word_1_332' title='bbox 59 2323 94 2352; x_wconf 90' lang='lat' dir='ltr'>it.</span> 
     </span>
    </p>

    <p class='ocr_par' dir='ltr' id='par_1_5' title="bbox 58 2363 832 2661">
     <span class='ocr_line' id='line_1_41' title="bbox 105 2363 830 2403; baseline -0.003 -8"><span class='ocrx_word' id='word_1_333' title='bbox 105 2366 196 2395; x_wconf 83' lang='lat' dir='ltr'>Haec</span> <span class='ocrx_word' id='word_1_334' title='bbox 212 2364 385 2403; x_wconf 78' lang='lat' dir='ltr'>intentata]</span> <span class='ocrx_word' id='word_1_335' title='bbox 435 2366 453 2380; x_wconf 90' lang='lat'>“</span> <span class='ocrx_word' id='word_1_336' title='bbox 467 2363 673 2393; x_wconf 86' lang='lat' dir='ltr'>Manifestum</span> <span class='ocrx_word' id='word_1_337' title='bbox 689 2366 737 2393; x_wconf 85' lang='lat' dir='ltr'>est</span> <span class='ocrx_word' id='word_1_338' title='bbox 759 2374 830 2403; x_wconf 88' lang='lat' dir='ltr'>per-</span> 
     </span>
     <span class='ocr_line' id='line_1_42' title="bbox 60 2407 832 2446; baseline -0.001 -9"><span class='ocrx_word' id='word_1_339' title='bbox 60 2408 160 2437; x_wconf 89' lang='lat' dir='ltr'>tinere</span> <span class='ocrx_word' id='word_1_340' title='bbox 176 2407 215 2436; x_wconf 91' lang='lat' dir='ltr'>ad</span> <span class='ocrx_word' id='word_1_341' title='bbox 231 2407 262 2436; x_wconf 91' lang='lat' dir='ltr'>id</span> <span class='ocrx_word' id='word_1_342' title='bbox 279 2411 415 2446; x_wconf 89' lang='lat' dir='ltr'>tempus,</span> <span class='ocrx_word' id='word_1_343' title='bbox 433 2415 496 2446; x_wconf 92' lang='lat' dir='ltr'>quo</span> <span class='ocrx_word' id='word_1_344' title='bbox 511 2410 583 2446; x_wconf 90' lang='lat' dir='ltr'>post</span> <span class='ocrx_word' id='word_1_345' title='bbox 603 2407 797 2445; x_wconf 84' lang='lat' dir='ltr'>rogationem</span> <span class='ocrx_word' id='word_1_346' title='bbox 814 2417 832 2435; x_wconf 85' lang='lat' dir='ltr'>a</span> 
     </span>
     <span class='ocr_line' id='line_1_43' title="bbox 61 2449 829 2489; baseline -0.003 -8"><span class='ocrx_word' id='word_1_347' title='bbox 61 2452 95 2481; x_wconf 89' lang='lat' dir='ltr'>P.</span> <span class='ocrx_word' id='word_1_348' title='bbox 111 2451 222 2481; x_wconf 89' lang='lat' dir='ltr'>Clodio</span> <span class='ocrx_word' id='word_1_349' title='bbox 240 2450 271 2479; x_wconf 85' lang='lat' dir='ltr'>in</span> <span class='ocrx_word' id='word_1_350' title='bbox 287 2459 359 2479; x_wconf 88' lang='lat' dir='ltr'>eum</span> <span class='ocrx_word' id='word_1_351' title='bbox 376 2449 604 2489; x_wconf 85' lang='lat' dir='ltr'>promulgatam</span> <span class='ocrx_word' id='word_1_352' title='bbox 620 2449 695 2479; x_wconf 89' lang='lat' dir='ltr'>urbe</span> <span class='ocrx_word' id='word_1_353' title='bbox 706 2450 799 2479; x_wconf 88' lang='lat' dir='ltr'>cessit</span> <span class='ocrx_word' id='word_1_354' title='bbox 810 2449 829 2463; x_wconf 84' lang='lat'>&#39;’</span> 
     </span>
     <span class='ocr_line' id='line_1_44' title="bbox 58 2492 829 2533; baseline -0.001 -10"><span class='ocrx_word' id='word_1_355' title='bbox 58 2492 273 2533; x_wconf 74' lang='lat' dir='ltr'>(Ascon.).—‘</span> <span class='ocrx_word' id='word_1_356' title='bbox 286 2492 436 2531; x_wconf 83' lang='lat' dir='ltr'>Pompeio</span> <span class='ocrx_word' id='word_1_357' title='bbox 462 2514 468 2521; x_wconf 95' lang='lat'>.</span> <span class='ocrx_word' id='word_1_358' title='bbox 487 2514 495 2521; x_wconf 88' lang='lat'>.</span> <span class='ocrx_word' id='word_1_359' title='bbox 514 2514 521 2521; x_wconf 93' lang='lat'>.</span> <span class='ocrx_word' id='word_1_360' title='bbox 549 2492 693 2531; x_wconf 79' lang='lat' dir='ltr'>Papiriiz&#39;</span> <span class='ocrx_word' id='word_1_361' title='bbox 728 2503 779 2522; x_wconf 86' lang='lat' dir='ltr'>see</span> <span class='ocrx_word' id='word_1_362' title='bbox 804 2503 829 2522; x_wconf 90' lang='lat' dir='ltr'>c.</span> 
     </span>
     <span class='ocr_line' id='line_1_45' title="bbox 59 2534 829 2575; baseline -0.001 -9"><span class='ocrx_word' id='word_1_363' title='bbox 59 2537 143 2571; x_wconf 87' lang='lat'>7.—‘</span> <span class='ocrx_word' id='word_1_364' title='bbox 154 2536 248 2575; x_wconf 85' lang='lat' dir='ltr'>longo</span> <span class='ocrx_word' id='word_1_365' title='bbox 260 2535 424 2565; x_wconf 89' lang='lat' dir='ltr'>intervallo</span> <span class='ocrx_word' id='word_1_366' title='bbox 436 2534 455 2564; x_wconf 74' lang='grc' dir='ltr'>ι’</span> <span class='ocrx_word' id='word_1_367' title='bbox 481 2535 540 2564; x_wconf 82' lang='lat' dir='ltr'>five</span> <span class='ocrx_word' id='word_1_368' title='bbox 555 2545 644 2574; x_wconf 86' lang='lat' dir='ltr'>years</span> <span class='ocrx_word' id='word_1_369' title='bbox 658 2537 734 2565; x_wconf 86' lang='lat' dir='ltr'>later</span> <span class='ocrx_word' id='word_1_370' title='bbox 750 2535 829 2575; x_wconf 77' lang='lat' dir='ltr'>(13.c.</span> 
     </span>
     <span class='ocr_line' id='line_1_46' title="bbox 59 2578 830 2619; baseline -0.003 -9"><span class='ocrx_word' id='word_1_371' title='bbox 59 2578 128 2619; x_wconf 84' lang='lat'>53),</span> <span class='ocrx_word' id='word_1_372' title='bbox 155 2579 246 2608; x_wconf 90' lang='lat' dir='ltr'>when</span> <span class='ocrx_word' id='word_1_373' title='bbox 277 2578 386 2608; x_wconf 88' lang='lat' dir='ltr'>Cicero</span> <span class='ocrx_word' id='word_1_374' title='bbox 416 2578 583 2616; x_wconf 80' lang='lat' dir='ltr'>supported</span> <span class='ocrx_word' id='word_1_375' title='bbox 617 2578 696 2607; x_wconf 89' lang='lat' dir='ltr'>Milo</span> <span class='ocrx_word' id='word_1_376' title='bbox 722 2578 755 2607; x_wconf 90' lang='lat' dir='ltr'>in</span> <span class='ocrx_word' id='word_1_377' title='bbox 782 2579 830 2609; x_wconf 90' lang='lat' dir='ltr'>his</span> 
     </span>
     <span class='ocr_line' id='line_1_47' title="bbox 59 2620 667 2661; baseline 0 -10"><span class='ocrx_word' id='word_1_378' title='bbox 59 2631 171 2651; x_wconf 90' lang='lat' dir='ltr'>canvas</span> <span class='ocrx_word' id='word_1_379' title='bbox 187 2622 235 2651; x_wconf 86' lang='lat' dir='ltr'>for</span> <span class='ocrx_word' id='word_1_380' title='bbox 250 2621 304 2650; x_wconf 92' lang='lat' dir='ltr'>the</span> <span class='ocrx_word' id='word_1_381' title='bbox 320 2620 500 2659; x_wconf 88' lang='lat' dir='ltr'>consulship</span> <span class='ocrx_word' id='word_1_382' title='bbox 526 2620 667 2661; x_wconf 87' lang='lat' dir='ltr'>(Halm).</span> 
     </span>
    </p>

    <p class='ocr_par' dir='ltr' id='par_1_6' title="bbox 58 2663 831 2960">
     <span class='ocr_line' id='line_1_48' title="bbox 102 2663 831 2703; baseline 0 -9"><span class='ocrx_word' id='word_1_383' title='bbox 102 2665 144 2694; x_wconf 82' lang='lat' dir='ltr'>ad</span> <span class='ocrx_word' id='word_1_384' title='bbox 159 2664 296 2703; x_wconf 69' lang='lat' dir='ltr'>reqiam]</span> <span class='ocrx_word' id='word_1_385' title='bbox 345 2663 510 2693; x_wconf 87' lang='lat' dir='ltr'>“Videtur</span> <span class='ocrx_word' id='word_1_386' title='bbox 534 2664 610 2692; x_wconf 87' lang='lat' dir='ltr'>mihi</span> <span class='ocrx_word' id='word_1_387' title='bbox 633 2663 719 2703; x_wconf 84' lang='lat' dir='ltr'>loqui</span> <span class='ocrx_word' id='word_1_388' title='bbox 740 2664 779 2694; x_wconf 88' lang='lat' dir='ltr'>de</span> <span class='ocrx_word' id='word_1_389' title='bbox 795 2674 831 2694; x_wconf 87' lang='lat' dir='ltr'>eo</span> 
     </span>
     <span class='ocr_line' id='line_1_49' title="bbox 59 2706 829 2747; baseline -0.001 -10"><span class='ocrx_word' id='word_1_390' title='bbox 59 2707 119 2743; x_wconf 86' lang='lat' dir='ltr'>die,</span> <span class='ocrx_word' id='word_1_391' title='bbox 148 2717 210 2747; x_wconf 87' lang='lat' dir='ltr'>quo</span> <span class='ocrx_word' id='word_1_392' title='bbox 238 2706 417 2736; x_wconf 88' lang='lat' dir='ltr'>consulibus</span> <span class='ocrx_word' id='word_1_393' title='bbox 443 2706 584 2735; x_wconf 83' lang='lat' dir='ltr'>Domitio</span> <span class='ocrx_word' id='word_1_394' title='bbox 609 2710 641 2736; x_wconf 90' lang='lat' dir='ltr'>et</span> <span class='ocrx_word' id='word_1_395' title='bbox 671 2707 829 2743; x_wconf 87' lang='lat' dir='ltr'>Messalla,</span> 
     </span>
     <span class='ocr_line' id='line_1_50' title="bbox 60 2750 831 2790; baseline -0.001 -10"><span class='ocrx_word' id='word_1_396' title='bbox 60 2751 113 2790; x_wconf 90' lang='lat' dir='ltr'>qui</span> <span class='ocrx_word' id='word_1_397' title='bbox 140 2752 373 2790; x_wconf 84' lang='lat' dir='ltr'>praecesserant</span> <span class='ocrx_word' id='word_1_398' title='bbox 397 2759 468 2778; x_wconf 87' lang='lat' dir='ltr'>eum</span> <span class='ocrx_word' id='word_1_399' title='bbox 493 2759 610 2778; x_wconf 89' lang='lat' dir='ltr'>annum</span> <span class='ocrx_word' id='word_1_400' title='bbox 636 2750 831 2788; x_wconf 17' lang='lat' dir='ltr'>quumrhaec</span> 
     </span>
     <span class='ocr_line' id='line_1_51' title="bbox 59 2792 831 2831; baseline -0.001 -8"><span class='ocrx_word' id='word_1_401' title='bbox 59 2794 157 2823; x_wconf 89' lang='lat' dir='ltr'>oratio</span> <span class='ocrx_word' id='word_1_402' title='bbox 173 2793 257 2822; x_wconf 85' lang='lat' dir='ltr'>dicta</span> <span class='ocrx_word' id='word_1_403' title='bbox 272 2795 330 2828; x_wconf 85' lang='lat' dir='ltr'>est,</span> <span class='ocrx_word' id='word_1_404' title='bbox 343 2792 423 2821; x_wconf 87' lang='lat' dir='ltr'>inter</span> <span class='ocrx_word' id='word_1_405' title='bbox 438 2792 673 2821; x_wconf 85' lang='lat' dir='ltr'>candidatorum</span> <span class='ocrx_word' id='word_1_406' title='bbox 693 2792 831 2831; x_wconf 84' lang='lat' dir='ltr'>Hypsaei</span> 
     </span>
     <span class='ocr_line' id='line_1_52' title="bbox 59 2833 830 2873; baseline -0.001 -7"><span class='ocrx_word' id='word_1_407' title='bbox 59 2840 91 2866; x_wconf 89' lang='lat' dir='ltr'>et</span> <span class='ocrx_word' id='word_1_408' title='bbox 118 2833 247 2866; x_wconf 59' lang='grc'><strong>1111101115</strong></span> <span class='ocrx_word' id='word_1_409' title='bbox 278 2845 389 2865; x_wconf 84' lang='lat' dir='ltr'>manus</span> <span class='ocrx_word' id='word_1_410' title='bbox 413 2835 446 2864; x_wconf 90' lang='lat' dir='ltr'>in</span> <span class='ocrx_word' id='word_1_411' title='bbox 473 2844 559 2864; x_wconf 86' lang='lat' dir='ltr'>sacra</span> <span class='ocrx_word' id='word_1_412' title='bbox 584 2835 633 2864; x_wconf 89' lang='lat' dir='ltr'>via</span> <span class='ocrx_word' id='word_1_413' title='bbox 655 2839 830 2873; x_wconf 87' lang='lat' dir='ltr'>pugnatum</span> 
     </span>
     <span class='ocr_line' id='line_1_53' title="bbox 59 2878 829 2918; baseline -0.004 -9"><span class='ocrx_word' id='word_1_414' title='bbox 59 2883 116 2916; x_wconf 85' lang='lat' dir='ltr'>est,</span> <span class='ocrx_word' id='word_1_415' title='bbox 148 2879 302 2918; x_wconf 87' lang='lat' dir='ltr'>multique</span> <span class='ocrx_word' id='word_1_416' title='bbox 332 2878 462 2907; x_wconf 89' lang='lat' dir='ltr'>Milonis</span> <span class='ocrx_word' id='word_1_417' title='bbox 484 2887 521 2907; x_wconf 81' lang='lat' dir='ltr'>ex</span> <span class='ocrx_word' id='word_1_418' title='bbox 552 2878 721 2917; x_wconf 88' lang='lat' dir='ltr'>improviso</span> <span class='ocrx_word' id='word_1_419' title='bbox 752 2878 829 2907; x_wconf 84' lang='lat' dir='ltr'>ceci-</span> 
     </span>
     <span class='ocr_line' id='line_1_54' title="bbox 58 2921 828 2960; baseline -0.004 -7"><span class='ocrx_word' id='word_1_420' title='bbox 58 2923 183 2953; x_wconf 75' lang='lat' dir='ltr'>(lerunt.</span> <span class='ocrx_word' id='word_1_421' title='bbox 229 2921 278 2952; x_wconf 93' lang='lat' dir='ltr'>De</span> <span class='ocrx_word' id='word_1_422' title='bbox 305 2921 394 2959; x_wconf 87' lang='lat' dir='ltr'>cujus</span> <span class='ocrx_word' id='word_1_423' title='bbox 423 2921 486 2951; x_wconf 76' lang='lat' dir='ltr'>diez·</span> <span class='ocrx_word' id='word_1_424' title='bbox 516 2921 609 2951; x_wconf 82' lang='lat' dir='ltr'>caede</span> <span class='ocrx_word' id='word_1_425' title='bbox 633 2924 665 2950; x_wconf 84' lang='lat' dir='ltr'>et</span> <span class='ocrx_word' id='word_1_426' title='bbox 690 2921 828 2960; x_wconf 85' lang='lat' dir='ltr'>periculo</span> 
     </span>
    </p>
   </div>
   <div class='ocr_carea' id='block_1_5' title="bbox 875 1592 1654 2919">
    <p class='ocr_par' dir='ltr' id='par_1_7' title="bbox 878 1592 1654 2136">
     <span class='ocr_line' id='line_1_55' title="bbox 880 1592 1654 1632; baseline -0.001 -10"><span class='ocrx_word' id='word_1_427' title='bbox 880 1593 985 1629; x_wconf 88' lang='lat' dir='ltr'>missa,</span> <span class='ocrx_word' id='word_1_428' title='bbox 1013 1593 1046 1622; x_wconf 90' lang='lat' dir='ltr'>in</span> <span class='ocrx_word' id='word_1_429' title='bbox 1072 1603 1134 1632; x_wconf 87' lang='lat' dir='ltr'>qua</span> <span class='ocrx_word' id='word_1_430' title='bbox 1160 1595 1207 1622; x_wconf 89' lang='lat' dir='ltr'>est</span> <span class='ocrx_word' id='word_1_431' title='bbox 1232 1593 1393 1631; x_wconf 84' lang='lat' dir='ltr'>regia—et</span> <span class='ocrx_word' id='word_1_432' title='bbox 1418 1592 1503 1631; x_wconf 89' lang='lat' dir='ltr'>quod</span> <span class='ocrx_word' id='word_1_433' title='bbox 1529 1592 1654 1622; x_wconf 82' lang='lat' dir='ltr'>assidue</span> 
     </span>
     <span class='ocr_line' id='line_1_56' title="bbox 880 1635 1652 1673; baseline -0.001 -8"><span class='ocrx_word' id='word_1_434' title='bbox 880 1636 973 1666; x_wconf 90' lang='lat' dir='ltr'>simul</span> <span class='ocrx_word' id='word_1_435' title='bbox 1000 1639 1088 1665; x_wconf 89' lang='lat' dir='ltr'>erant</span> <span class='ocrx_word' id='word_1_436' title='bbox 1118 1646 1188 1665; x_wconf 91' lang='lat' dir='ltr'>cum</span> <span class='ocrx_word' id='word_1_437' title='bbox 1220 1636 1392 1665; x_wconf 82' lang='lat' dir='ltr'>candidatis</span> <span class='ocrx_word' id='word_1_438' title='bbox 1423 1635 1652 1673; x_wconf 79' lang='lat' dir='ltr'>suffragatores,</span> 
     </span>
     <span class='ocr_line' id='line_1_57' title="bbox 880 1676 1652 1718; baseline -0.003 -10"><span class='ocrx_word' id='word_1_439' title='bbox 880 1679 1011 1709; x_wconf 91' lang='lat' dir='ltr'>Milonis</span> <span class='ocrx_word' id='word_1_440' title='bbox 1023 1679 1142 1714; x_wconf 85' lang='lat' dir='ltr'>Cicero,</span> <span class='ocrx_word' id='word_1_441' title='bbox 1162 1679 1303 1718; x_wconf 83' lang='lat' dir='ltr'>Hypsaei</span> <span class='ocrx_word' id='word_1_442' title='bbox 1315 1678 1443 1708; x_wconf 90' lang='lat' dir='ltr'>Clodius</span> <span class='ocrx_word' id='word_1_443' title='bbox 1456 1677 1475 1691; x_wconf 73' lang='lat'>&#39;³</span> <span class='ocrx_word' id='word_1_444' title='bbox 1493 1676 1652 1717; x_wconf 86' lang='lat' dir='ltr'>(Ascon.).</span> 
     </span>
     <span class='ocr_line' id='line_1_58' title="bbox 880 1720 1651 1759; baseline -0.003 -8"><span class='ocrx_word' id='word_1_445' title='bbox 880 1722 949 1751; x_wconf 90' lang='lat' dir='ltr'>The</span> <span class='ocrx_word' id='word_1_446' title='bbox 978 1722 1105 1751; x_wconf 87' lang='lat' dir='ltr'>Atrium</span> <span class='ocrx_word' id='word_1_447' title='bbox 1141 1722 1252 1751; x_wconf 80' lang='lat' dir='ltr'>Vestae</span> <span class='ocrx_word' id='word_1_448' title='bbox 1282 1731 1317 1750; x_wconf 93' lang='lat' dir='ltr'>or</span> <span class='ocrx_word' id='word_1_449' title='bbox 1345 1721 1472 1750; x_wconf 86' lang='lat' dir='ltr'>Atrium</span> <span class='ocrx_word' id='word_1_450' title='bbox 1505 1720 1651 1759; x_wconf 86' lang='lat' dir='ltr'>Regium,</span> 
     </span>
     <span class='ocr_line' id='line_1_59' title="bbox 881 1762 1653 1802; baseline -0.001 -9"><span class='ocrx_word' id='word_1_451' title='bbox 881 1765 1060 1794; x_wconf 84' lang='lat' dir='ltr'>sometimes</span> <span class='ocrx_word' id='word_1_452' title='bbox 1096 1764 1194 1793; x_wconf 85' lang='lat' dir='ltr'>called</span> <span class='ocrx_word' id='word_1_453' title='bbox 1220 1764 1328 1802; x_wconf 85' lang='lat' dir='ltr'>Regia,</span> <span class='ocrx_word' id='word_1_454' title='bbox 1354 1773 1415 1792; x_wconf 87' lang='lat' dir='ltr'>was</span> <span class='ocrx_word' id='word_1_455' title='bbox 1447 1773 1522 1792; x_wconf 88' lang='lat' dir='ltr'>near</span> <span class='ocrx_word' id='word_1_456' title='bbox 1542 1766 1576 1792; x_wconf 87' lang='lat' dir='ltr'>to</span> <span class='ocrx_word' id='word_1_457' title='bbox 1598 1762 1653 1792; x_wconf 77' lang='lat' dir='ltr'>the</span> 
     </span>
     <span class='ocr_line' id='line_1_60' title="bbox 881 1805 1653 1846; baseline -0.003 -10"><span class='ocrx_word' id='word_1_458' title='bbox 881 1807 999 1846; x_wconf 90' lang='lat' dir='ltr'>temple</span> <span class='ocrx_word' id='word_1_459' title='bbox 1029 1807 1065 1836; x_wconf 87' lang='lat' dir='ltr'>of</span> <span class='ocrx_word' id='word_1_460' title='bbox 1090 1806 1199 1841; x_wconf 81' lang='lat' dir='ltr'>Vesta,</span> <span class='ocrx_word' id='word_1_461' title='bbox 1233 1806 1297 1835; x_wconf 88' lang='lat' dir='ltr'>and</span> <span class='ocrx_word' id='word_1_462' title='bbox 1332 1805 1501 1844; x_wconf 81' lang='lat' dir='ltr'>bordcring</span> <span class='ocrx_word' id='word_1_463' title='bbox 1533 1815 1574 1835; x_wconf 91' lang='lat' dir='ltr'>on</span> <span class='ocrx_word' id='word_1_464' title='bbox 1598 1805 1653 1835; x_wconf 89' lang='lat' dir='ltr'>the</span> 
     </span>
     <span class='ocr_line' id='line_1_61' title="bbox 881 1848 1651 1888; baseline -0.001 -10"><span class='ocrx_word' id='word_1_465' title='bbox 881 1849 996 1878; x_wconf 88' lang='lat' dir='ltr'>Forum</span> <span class='ocrx_word' id='word_1_466' title='bbox 1014 1853 1046 1878; x_wconf 91' lang='lat' dir='ltr'>at</span> <span class='ocrx_word' id='word_1_467' title='bbox 1058 1849 1111 1878; x_wconf 89' lang='lat' dir='ltr'>the</span> <span class='ocrx_word' id='word_1_468' title='bbox 1126 1849 1217 1888; x_wconf 87' lang='lat' dir='ltr'>point</span> <span class='ocrx_word' id='word_1_469' title='bbox 1232 1849 1334 1878; x_wconf 90' lang='lat' dir='ltr'>where</span> <span class='ocrx_word' id='word_1_470' title='bbox 1350 1849 1404 1878; x_wconf 89' lang='lat' dir='ltr'>the</span> <span class='ocrx_word' id='word_1_471' title='bbox 1421 1849 1514 1878; x_wconf 82' lang='lat' dir='ltr'>Sacra</span> <span class='ocrx_word' id='word_1_472' title='bbox 1529 1848 1589 1878; x_wconf 85' lang='lat' dir='ltr'>Via</span> <span class='ocrx_word' id='word_1_473' title='bbox 1602 1849 1651 1878; x_wconf 87' lang='lat' dir='ltr'>lcd</span> 
     </span>
     <span class='ocr_line' id='line_1_62' title="bbox 879 1891 1652 1930; baseline -0.001 -9"><span class='ocrx_word' id='word_1_474' title='bbox 879 1895 911 1921; x_wconf 93' lang='lat' dir='ltr'>to</span> <span class='ocrx_word' id='word_1_475' title='bbox 922 1892 956 1921; x_wconf 93' lang='lat' dir='ltr'>it.</span> <span class='ocrx_word' id='word_1_476' title='bbox 988 1892 1122 1926; x_wconf 84' lang='lat' dir='ltr'>Servius,</span> <span class='ocrx_word' id='word_1_477' title='bbox 1137 1891 1186 1921; x_wconf 93' lang='lat' dir='ltr'>Ad</span> <span class='ocrx_word' id='word_1_478' title='bbox 1195 1892 1274 1921; x_wconf 88' lang='lat' dir='ltr'>Aen.</span> <span class='ocrx_word' id='word_1_479' title='bbox 1286 1891 1346 1921; x_wconf 90' lang='lat' dir='ltr'>viii.</span> <span class='ocrx_word' id='word_1_480' title='bbox 1359 1893 1432 1927; x_wconf 85' lang='lat'>363,</span> <span class='ocrx_word' id='word_1_481' title='bbox 1445 1901 1529 1930; x_wconf 85' lang='lat' dir='ltr'>says:</span> <span class='ocrx_word' id='word_1_482' title='bbox 1544 1891 1652 1924; x_wconf 74' lang='lat' dir='ltr'>“Quis</span> 
     </span>
     <span class='ocr_line' id='line_1_63' title="bbox 879 1934 1653 1973; baseline -0.001 -9"><span class='ocrx_word' id='word_1_483' title='bbox 879 1935 963 1964; x_wconf 89' lang='lat' dir='ltr'>enim</span> <span class='ocrx_word' id='word_1_484' title='bbox 978 1935 1103 1973; x_wconf 87' lang='lat' dir='ltr'>ignorat</span> <span class='ocrx_word' id='word_1_485' title='bbox 1120 1935 1249 1973; x_wconf 83' lang='lat' dir='ltr'>Regiam</span> <span class='ocrx_word' id='word_1_486' title='bbox 1272 1934 1325 1964; x_wconf 91' lang='lat' dir='ltr'>ubi</span> <span class='ocrx_word' id='word_1_487' title='bbox 1342 1935 1449 1964; x_wconf 88' lang='lat' dir='ltr'>Numa</span> <span class='ocrx_word' id='word_1_488' title='bbox 1465 1934 1653 1964; x_wconf 87' lang='lat' dir='ltr'>habitaverit</span> 
     </span>
     <span class='ocr_line' id='line_1_64' title="bbox 878 1977 1653 2016; baseline 0 -10"><span class='ocrx_word' id='word_1_489' title='bbox 878 1978 911 2006; x_wconf 89' lang='lat' dir='ltr'>in</span> <span class='ocrx_word' id='word_1_490' title='bbox 927 1977 1083 2007; x_wconf 88' lang='lat' dir='ltr'>radicibus</span> <span class='ocrx_word' id='word_1_491' title='bbox 1100 1978 1211 2007; x_wconf 84' lang='lat' dir='ltr'>Palatii</span> <span class='ocrx_word' id='word_1_492' title='bbox 1234 1977 1413 2016; x_wconf 85' lang='lat' dir='ltr'>finibusque</span> <span class='ocrx_word' id='word_1_493' title='bbox 1437 1977 1573 2006; x_wconf 89' lang='lat' dir='ltr'>Romani</span> <span class='ocrx_word' id='word_1_494' title='bbox 1593 1977 1653 2006; x_wconf 86' lang='lat' dir='ltr'>fori</span> 
     </span>
     <span class='ocr_line' id='line_1_65' title="bbox 881 2019 1652 2060; baseline 0 -11"><span class='ocrx_word' id='word_1_495' title='bbox 881 2030 948 2050; x_wconf 83' lang='lat' dir='ltr'>esse</span> <span class='ocrx_word' id='word_1_496' title='bbox 960 2019 979 2033; x_wconf 82' lang='lat'>’&#39;</span> <span class='ocrx_word' id='word_1_497' title='bbox 1004 2019 1150 2060; x_wconf 82' lang='lat' dir='ltr'>(Becker,</span> <span class='ocrx_word' id='word_1_498' title='bbox 1173 2020 1353 2050; x_wconf 86' lang='lat' dir='ltr'>Alterthiim</span> <span class='ocrx_word' id='word_1_499' title='bbox 1371 2020 1391 2049; x_wconf 90' lang='lat' dir='ltr'>i.</span> <span class='ocrx_word' id='word_1_500' title='bbox 1409 2030 1440 2059; x_wconf 89' lang='lat' dir='ltr'>p.</span> <span class='ocrx_word' id='word_1_501' title='bbox 1457 2019 1547 2060; x_wconf 79' lang='lat'>223).</span> <span class='ocrx_word' id='word_1_502' title='bbox 1594 2020 1652 2050; x_wconf 84' lang='lat' dir='ltr'>See</span> 
     </span>
     <span class='ocr_line' id='line_1_66' title="bbox 881 2063 1650 2100; baseline -0.001 -7"><span class='ocrx_word' id='word_1_503' title='bbox 881 2063 941 2093; x_wconf 84' lang='lat' dir='ltr'>Pro</span> <span class='ocrx_word' id='word_1_504' title='bbox 959 2063 1101 2100; x_wconf 85' lang='lat' dir='ltr'>Caecina,</span> <span class='ocrx_word' id='word_1_505' title='bbox 1119 2073 1145 2093; x_wconf 92' lang='grc'>0.</span> <span class='ocrx_word' id='word_1_506' title='bbox 1163 2066 1193 2099; x_wconf 86' lang='grc'>5,</span> <span class='ocrx_word' id='word_1_507' title='bbox 1210 2063 1272 2093; x_wconf 87' lang='lat' dir='ltr'>and</span> <span class='ocrx_word' id='word_1_508' title='bbox 1287 2064 1342 2092; x_wconf 86' lang='lat' dir='ltr'>the</span> <span class='ocrx_word' id='word_1_509' title='bbox 1357 2066 1432 2093; x_wconf 89' lang='lat' dir='ltr'>note</span> <span class='ocrx_word' id='word_1_510' title='bbox 1455 2073 1497 2093; x_wconf 89' lang='lat' dir='ltr'>on</span> <span class='ocrx_word' id='word_1_511' title='bbox 1517 2065 1524 2078; x_wconf 95' lang='lat'>‘</span> <span class='ocrx_word' id='word_1_512' title='bbox 1537 2063 1650 2093; x_wconf 88' lang='lat' dir='ltr'>conciti</span> 
     </span>
     <span class='ocr_line' id='line_1_67' title="bbox 879 2105 1057 2136; baseline 0 -1"><span class='ocrx_word' id='word_1_513' title='bbox 879 2106 918 2136; x_wconf 90' lang='lat' dir='ltr'>ad</span> <span class='ocrx_word' id='word_1_514' title='bbox 933 2105 1057 2136; x_wconf 79' lang='lat' dir='ltr'>rixam.’</span> 
     </span>
    </p>

    <p class='ocr_par' dir='ltr' id='par_1_8' title="bbox 875 2148 1652 2394">
     <span class='ocr_line' id='line_1_68' title="bbox 923 2148 1652 2188; baseline 0 -10"><span class='ocrx_word' id='word_1_515' title='bbox 923 2149 1064 2188; x_wconf 80' lang='lat' dir='ltr'>domum]</span> <span class='ocrx_word' id='word_1_516' title='bbox 1112 2149 1190 2179; x_wconf 88' lang='lat' dir='ltr'>This</span> <span class='ocrx_word' id='word_1_517' title='bbox 1206 2149 1310 2179; x_wconf 84' lang='lat' dir='ltr'>attack</span> <span class='ocrx_word' id='word_1_518' title='bbox 1322 2159 1363 2178; x_wconf 88' lang='lat' dir='ltr'>on</span> <span class='ocrx_word' id='word_1_519' title='bbox 1377 2148 1483 2178; x_wconf 89' lang='lat' dir='ltr'>Milo&#39;s</span> <span class='ocrx_word' id='word_1_520' title='bbox 1498 2149 1597 2178; x_wconf 76' lang='lat' dir='ltr'>house</span> <span class='ocrx_word' id='word_1_521' title='bbox 1609 2148 1652 2188; x_wconf 82' lang='lat' dir='ltr'>by</span> 
     </span>
     <span class='ocr_line' id='line_1_69' title="bbox 880 2191 1649 2231; baseline 0 -10"><span class='ocrx_word' id='word_1_522' title='bbox 880 2191 1009 2222; x_wconf 88' lang='lat' dir='ltr'>Clodius</span> <span class='ocrx_word' id='word_1_523' title='bbox 1036 2193 1061 2221; x_wconf 90' lang='lat' dir='ltr'>is</span> <span class='ocrx_word' id='word_1_524' title='bbox 1085 2192 1246 2222; x_wconf 85' lang='lat' dir='ltr'>described</span> <span class='ocrx_word' id='word_1_525' title='bbox 1270 2192 1311 2231; x_wconf 92' lang='lat' dir='ltr'>by</span> <span class='ocrx_word' id='word_1_526' title='bbox 1331 2192 1440 2222; x_wconf 87' lang='lat' dir='ltr'>Cicero</span> <span class='ocrx_word' id='word_1_527' title='bbox 1456 2191 1507 2221; x_wconf 88' lang='lat' dir='ltr'>Ad</span> <span class='ocrx_word' id='word_1_528' title='bbox 1524 2194 1591 2221; x_wconf 85' lang='lat' dir='ltr'>Att.</span> <span class='ocrx_word' id='word_1_529' title='bbox 1608 2192 1649 2221; x_wconf 89' lang='lat' dir='ltr'>iv.</span> 
     </span>
     <span class='ocr_line' id='line_1_70' title="bbox 879 2235 1649 2270; baseline 0.001 -6"><span class='ocrx_word' id='word_1_530' title='bbox 879 2236 908 2270; x_wconf 85' lang='lat'>3,</span> <span class='ocrx_word' id='word_1_531' title='bbox 935 2236 965 2264; x_wconf 88' lang='lat'>3.</span> <span class='ocrx_word' id='word_1_532' title='bbox 1012 2235 1070 2265; x_wconf 87' lang='lat' dir='ltr'>See</span> <span class='ocrx_word' id='word_1_533' title='bbox 1094 2236 1159 2265; x_wconf 91' lang='lat' dir='ltr'>also</span> <span class='ocrx_word' id='word_1_534' title='bbox 1185 2235 1244 2265; x_wconf 90' lang='lat' dir='ltr'>Pro</span> <span class='ocrx_word' id='word_1_535' title='bbox 1272 2235 1384 2270; x_wconf 80' lang='lat' dir='ltr'>Sestio,</span> <span class='ocrx_word' id='word_1_536' title='bbox 1407 2245 1432 2264; x_wconf 90' lang='lat' dir='ltr'>c.</span> <span class='ocrx_word' id='word_1_537' title='bbox 1459 2236 1510 2265; x_wconf 84' lang='lat'>35.</span> <span class='ocrx_word' id='word_1_538' title='bbox 1527 2236 1579 2270; x_wconf 86' lang='lat'>37.</span> <span class='ocrx_word' id='word_1_539' title='bbox 1597 2236 1649 2270; x_wconf 78' lang='lat'>41,</span> 
     </span>
     <span class='ocr_line' id='line_1_71' title="bbox 878 2278 1651 2317; baseline -0.001 -10"><span class='ocrx_word' id='word_1_540' title='bbox 878 2278 980 2307; x_wconf 89' lang='lat' dir='ltr'>where</span> <span class='ocrx_word' id='word_1_541' title='bbox 996 2288 1040 2308; x_wconf 87' lang='lat' dir='ltr'>we</span> <span class='ocrx_word' id='word_1_542' title='bbox 1055 2279 1134 2308; x_wconf 88' lang='lat' dir='ltr'>have</span> <span class='ocrx_word' id='word_1_543' title='bbox 1149 2279 1204 2308; x_wconf 84' lang='lat' dir='ltr'>the</span> <span class='ocrx_word' id='word_1_544' title='bbox 1227 2282 1312 2317; x_wconf 89' lang='lat' dir='ltr'>story</span> <span class='ocrx_word' id='word_1_545' title='bbox 1327 2278 1424 2308; x_wconf 81' lang='lat' dir='ltr'>about</span> <span class='ocrx_word' id='word_1_546' title='bbox 1444 2278 1563 2308; x_wconf 86' lang='lat' dir='ltr'>Sestius</span> <span class='ocrx_word' id='word_1_547' title='bbox 1588 2278 1651 2307; x_wconf 85' lang='lat' dir='ltr'>and</span> 
     </span>
     <span class='ocr_line' id='line_1_72' title="bbox 879 2321 1652 2360; baseline 0 -10"><span class='ocrx_word' id='word_1_548' title='bbox 879 2321 1049 2357; x_wconf 80' lang='lat' dir='ltr'>Fabricius,</span> <span class='ocrx_word' id='word_1_549' title='bbox 1077 2322 1139 2351; x_wconf 89' lang='lat' dir='ltr'>and</span> <span class='ocrx_word' id='word_1_550' title='bbox 1163 2322 1254 2351; x_wconf 90' lang='lat' dir='ltr'>those</span> <span class='ocrx_word' id='word_1_551' title='bbox 1283 2321 1448 2351; x_wconf 87' lang='lat' dir='ltr'>turbulent</span> <span class='ocrx_word' id='word_1_552' title='bbox 1472 2321 1564 2351; x_wconf 87' lang='lat' dir='ltr'>times</span> <span class='ocrx_word' id='word_1_553' title='bbox 1583 2321 1652 2360; x_wconf 74' lang='lat' dir='ltr'>just</span> 
     </span>
     <span class='ocr_line' id='line_1_73' title="bbox 875 2363 1347 2394; baseline 0 -1"><span class='ocrx_word' id='word_1_554' title='bbox 875 2363 982 2394; x_wconf 84' lang='lat' dir='ltr'>before</span> <span class='ocrx_word' id='word_1_555' title='bbox 998 2364 1134 2394; x_wconf 90' lang='lat' dir='ltr'>Cicero’s</span> <span class='ocrx_word' id='word_1_556' title='bbox 1150 2364 1347 2394; x_wconf 87' lang='lat' dir='ltr'>restoration.</span> 
     </span>
    </p>

    <p class='ocr_par' dir='ltr' id='par_1_9' title="bbox 875 2407 1651 2919">
     <span class='ocr_line' id='line_1_74' title="bbox 919 2407 1648 2447; baseline -0.003 -10"><span class='ocrx_word' id='word_1_557' title='bbox 919 2408 959 2437; x_wconf 90' lang='lat' dir='ltr'>L.</span> <span class='ocrx_word' id='word_1_558' title='bbox 981 2407 1126 2446; x_wconf 82' lang='lat' dir='ltr'>Caecilii]</span> <span class='ocrx_word' id='word_1_559' title='bbox 1155 2410 1174 2424; x_wconf 79' lang='lat'>‘⁴</span> <span class='ocrx_word' id='word_1_560' title='bbox 1189 2408 1243 2447; x_wconf 92' lang='lat' dir='ltr'>qui</span> <span class='ocrx_word' id='word_1_561' title='bbox 1265 2407 1326 2437; x_wconf 88' lang='lat' dir='ltr'>fuit</span> <span class='ocrx_word' id='word_1_562' title='bbox 1347 2408 1473 2446; x_wconf 84' lang='lat' dir='ltr'>praetor</span> <span class='ocrx_word' id='word_1_563' title='bbox 1498 2428 1505 2436; x_wconf 88' lang='lat'>.</span> <span class='ocrx_word' id='word_1_564' title='bbox 1524 2428 1531 2436; x_wconf 90' lang='lat'>.</span> <span class='ocrx_word' id='word_1_565' title='bbox 1551 2429 1558 2436; x_wconf 89' lang='lat'>.</span> <span class='ocrx_word' id='word_1_566' title='bbox 1585 2416 1648 2445; x_wconf 89' lang='lat' dir='ltr'>quo</span> 
     </span>
     <span class='ocr_line' id='line_1_75' title="bbox 875 2448 1650 2488; baseline -0.003 -8"><span class='ocrx_word' id='word_1_567' title='bbox 875 2460 958 2480; x_wconf 87' lang='lat' dir='ltr'>anno</span> <span class='ocrx_word' id='word_1_568' title='bbox 972 2450 1080 2480; x_wconf 89' lang='lat' dir='ltr'>Cicero</span> <span class='ocrx_word' id='word_1_569' title='bbox 1097 2451 1262 2480; x_wconf 86' lang='lat' dir='ltr'>restitutus</span> <span class='ocrx_word' id='word_1_570' title='bbox 1278 2453 1336 2480; x_wconf 79' lang='lat' dir='ltr'>est.</span> <span class='ocrx_word' id='word_1_571' title='bbox 1371 2450 1402 2480; x_wconf 91' lang='lat' dir='ltr'>Is</span> <span class='ocrx_word' id='word_1_572' title='bbox 1419 2459 1516 2488; x_wconf 89' lang='lat' dir='ltr'>quum</span> <span class='ocrx_word' id='word_1_573' title='bbox 1532 2448 1650 2479; x_wconf 84' lang='lat' dir='ltr'>faceret</span> 
     </span>
     <span class='ocr_line' id='line_1_76' title="bbox 875 2493 1648 2533; baseline -0.001 -11"><span class='ocrx_word' id='word_1_574' title='bbox 875 2493 965 2522; x_wconf 89' lang='lat' dir='ltr'>ludos</span> <span class='ocrx_word' id='word_1_575' title='bbox 989 2493 1196 2533; x_wconf 86' lang='lat' dir='ltr'>Apollinares,</span> <span class='ocrx_word' id='word_1_576' title='bbox 1214 2494 1259 2523; x_wconf 84' lang='lat' dir='ltr'>ita</span> <span class='ocrx_word' id='word_1_577' title='bbox 1280 2493 1390 2522; x_wconf 86' lang='lat' dir='ltr'>intima</span> <span class='ocrx_word' id='word_1_578' title='bbox 1415 2495 1522 2522; x_wconf 85' lang='lat' dir='ltr'>coacta</span> <span class='ocrx_word' id='word_1_579' title='bbox 1542 2493 1648 2522; x_wconf 87' lang='lat' dir='ltr'>multi-</span> 
     </span>
     <span class='ocr_line' id='line_1_77' title="bbox 875 2535 1651 2566; baseline -0.003 0"><span class='ocrx_word' id='word_1_580' title='bbox 875 2536 951 2566; x_wconf 88' lang='lat' dir='ltr'>tudo</span> <span class='ocrx_word' id='word_1_581' title='bbox 984 2545 1128 2566; x_wconf 88' lang='lat' dir='ltr'>annonae</span> <span class='ocrx_word' id='word_1_582' title='bbox 1167 2537 1295 2566; x_wconf 85' lang='lat' dir='ltr'>caritate</span> <span class='ocrx_word' id='word_1_583' title='bbox 1322 2535 1514 2565; x_wconf 87' lang='lat' dir='ltr'>tumultuata</span> <span class='ocrx_word' id='word_1_584' title='bbox 1540 2539 1589 2565; x_wconf 87' lang='lat' dir='ltr'>est</span> <span class='ocrx_word' id='word_1_585' title='bbox 1614 2537 1651 2565; x_wconf 89' lang='lat' dir='ltr'>ut</span> 
     </span>
     <span class='ocr_line' id='line_1_78' title="bbox 875 2578 1650 2619; baseline 0 -12"><span class='ocrx_word' id='word_1_586' title='bbox 875 2589 993 2615; x_wconf 88' lang='lat' dir='ltr'>omncs,</span> <span class='ocrx_word' id='word_1_587' title='bbox 1011 2580 1063 2619; x_wconf 87' lang='lat' dir='ltr'>qui</span> <span class='ocrx_word' id='word_1_588' title='bbox 1079 2579 1112 2608; x_wconf 87' lang='lat' dir='ltr'>in</span> <span class='ocrx_word' id='word_1_589' title='bbox 1128 2579 1252 2609; x_wconf 89' lang='lat' dir='ltr'>theatro</span> <span class='ocrx_word' id='word_1_590' title='bbox 1269 2578 1429 2617; x_wconf 89' lang='lat' dir='ltr'>spectandi</span> <span class='ocrx_word' id='word_1_591' title='bbox 1453 2587 1562 2607; x_wconf 84' lang='lat' dir='ltr'>caussa</span> <span class='ocrx_word' id='word_1_592' title='bbox 1577 2588 1650 2607; x_wconf 88' lang='lat' dir='ltr'>con-</span> 
     </span>
     <span class='ocr_line' id='line_1_79' title="bbox 875 2620 1648 2661; baseline -0.003 -10"><span class='ocrx_word' id='word_1_593' title='bbox 875 2622 1029 2657; x_wconf 89' lang='lat' dir='ltr'>sederant,</span> <span class='ocrx_word' id='word_1_594' title='bbox 1047 2622 1247 2661; x_wconf 89' lang='lat' dir='ltr'>pellerentur.</span> <span class='ocrx_word' id='word_1_595' title='bbox 1293 2622 1343 2651; x_wconf 89' lang='lat' dir='ltr'>De</span> <span class='ocrx_word' id='word_1_596' title='bbox 1358 2624 1540 2660; x_wconf 84' lang='lat' dir='ltr'>oppugnata</span> <span class='ocrx_word' id='word_1_597' title='bbox 1554 2620 1648 2650; x_wconf 88' lang='lat' dir='ltr'>domo</span> 
     </span>
     <span class='ocr_line' id='line_1_80' title="bbox 876 2664 1647 2704; baseline -0.003 -10"><span class='ocrx_word' id='word_1_598' title='bbox 876 2675 1032 2704; x_wconf 88' lang='lat' dir='ltr'>nusquam</span> <span class='ocrx_word' id='word_1_599' title='bbox 1070 2665 1172 2694; x_wconf 86' lang='lat' dir='ltr'>adhuc</span> <span class='ocrx_word' id='word_1_600' title='bbox 1208 2665 1278 2703; x_wconf 89' lang='lat' dir='ltr'>legi.</span> <span class='ocrx_word' id='word_1_601' title='bbox 1326 2664 1494 2703; x_wconf 89' lang='lat' dir='ltr'>Pompeius</span> <span class='ocrx_word' id='word_1_602' title='bbox 1531 2667 1647 2699; x_wconf 81' lang='lat' dir='ltr'>tamen,</span> 
     </span>
     <span class='ocr_line' id='line_1_81' title="bbox 876 2706 1647 2747; baseline -0.005 -10"><span class='ocrx_word' id='word_1_603' title='bbox 876 2718 973 2747; x_wconf 89' lang='lat' dir='ltr'>quum</span> <span class='ocrx_word' id='word_1_604' title='bbox 998 2708 1181 2737; x_wconf 87' lang='lat' dir='ltr'>defenderet</span> <span class='ocrx_word' id='word_1_605' title='bbox 1205 2708 1359 2737; x_wconf 88' lang='lat' dir='ltr'>Milonem</span> <span class='ocrx_word' id='word_1_606' title='bbox 1384 2707 1468 2746; x_wconf 91' lang='lat' dir='ltr'>apud</span> <span class='ocrx_word' id='word_1_607' title='bbox 1494 2706 1647 2745; x_wconf 79' lang='lat' dir='ltr'>populum</span> 
     </span>
     <span class='ocr_line' id='line_1_82' title="bbox 876 2748 1646 2788; baseline -0.004 -9"><span class='ocrx_word' id='word_1_608' title='bbox 876 2751 914 2780; x_wconf 88' lang='lat' dir='ltr'>de</span> <span class='ocrx_word' id='word_1_609' title='bbox 929 2751 959 2781; x_wconf 86' lang='lat' dir='ltr'>vi</span> <span class='ocrx_word' id='word_1_610' title='bbox 975 2754 1140 2780; x_wconf 89' lang='lat' dir='ltr'>accusante</span> <span class='ocrx_word' id='word_1_611' title='bbox 1165 2750 1286 2786; x_wconf 86' lang='lat' dir='ltr'>Clodio,</span> <span class='ocrx_word' id='word_1_612' title='bbox 1306 2750 1431 2788; x_wconf 79' lang='lat' dir='ltr'>objecit,</span> <span class='ocrx_word' id='word_1_613' title='bbox 1456 2752 1492 2778; x_wconf 88' lang='lat' dir='ltr'>ut</span> <span class='ocrx_word' id='word_1_614' title='bbox 1514 2748 1646 2786; x_wconf 85' lang='lat' dir='ltr'>legimns</span> 
     </span>
     <span class='ocr_line' id='line_1_83' title="bbox 876 2790 1647 2832; baseline -0.008 -9"><span class='ocrx_word' id='word_1_615' title='bbox 876 2794 959 2832; x_wconf 87' lang='lat' dir='ltr'>apud</span> <span class='ocrx_word' id='word_1_616' title='bbox 980 2794 1128 2823; x_wconf 88' lang='lat' dir='ltr'>Tironem</span> <span class='ocrx_word' id='word_1_617' title='bbox 1153 2793 1300 2823; x_wconf 87' lang='lat' dir='ltr'>libertum</span> <span class='ocrx_word' id='word_1_618' title='bbox 1325 2792 1494 2825; x_wconf 88' lang='lat' dir='ltr'>Ciceronis,</span> <span class='ocrx_word' id='word_1_619' title='bbox 1510 2791 1543 2819; x_wconf 91' lang='lat' dir='ltr'>in</span> <span class='ocrx_word' id='word_1_620' title='bbox 1566 2790 1647 2819; x_wconf 77' lang='lat' dir='ltr'>libi-o</span> 
     </span>
     <span class='ocr_line' id='line_1_84' title="bbox 876 2834 1645 2875; baseline -0.003 -10"><span class='ocrx_word' id='word_1_621' title='bbox 876 2837 929 2866; x_wconf 88' lang='lat' dir='ltr'>iiii.</span> <span class='ocrx_word' id='word_1_622' title='bbox 955 2837 994 2866; x_wconf 90' lang='lat' dir='ltr'>de</span> <span class='ocrx_word' id='word_1_623' title='bbox 1015 2837 1078 2866; x_wconf 88' lang='lat' dir='ltr'>vita</span> <span class='ocrx_word' id='word_1_624' title='bbox 1108 2836 1185 2874; x_wconf 86' lang='lat' dir='ltr'>ejus,</span> <span class='ocrx_word' id='word_1_625' title='bbox 1216 2845 1400 2875; x_wconf 88' lang='lat' dir='ltr'>oppressum</span> <span class='ocrx_word' id='word_1_626' title='bbox 1427 2845 1446 2864; x_wconf 88' lang='lat' dir='ltr'>a</span> <span class='ocrx_word' id='word_1_627' title='bbox 1472 2834 1582 2863; x_wconf 92' lang='lat' dir='ltr'>Clodio</span> <span class='ocrx_word' id='word_1_628' title='bbox 1610 2834 1645 2863; x_wconf 77' lang='lat' dir='ltr'>h.</span> 
     </span>
     <span class='ocr_line' id='line_1_85' title="bbox 875 2876 1458 2919; baseline -0.005 -10"><span class='ocrx_word' id='word_1_629' title='bbox 875 2879 1046 2909; x_wconf 86' lang='lat' dir='ltr'>Caecilium</span> <span class='ocrx_word' id='word_1_630' title='bbox 1063 2882 1240 2919; x_wconf 85' lang='lat' dir='ltr'>praetorem</span> <span class='ocrx_word' id='word_1_631' title='bbox 1254 2878 1274 2892; x_wconf 85' lang='lat'>’&#39;</span> <span class='ocrx_word' id='word_1_632' title='bbox 1300 2876 1458 2918; x_wconf 88' lang='lat' dir='ltr'>(Ascon.).</span> 
     </span>
    </p>
   </div>
  </div>
 </body>
</html>
