1816 3211
170 169 251 208 550
331 164 508 207 ORAT.
543 162 1054 206 PHILIPPIGARUM
1090 161 1276 202 LIBER
1308 162 1588 204 TERTIUS.

173 278 323 333 [esset]
343 277 617 318 serviendum.
678 276 811 317 XIV.
837 276 961 316 Hanc
978 275 1106 330 igitur
1121 274 1381 315 occasionem
1399 275 1582 316 oblatam
1598 279 1755 324 tenete,

169 357 242 397 per
273 343 374 383 deos
408 342 675 388 immortales,
710 346 851 394 patres
877 339 1116 393 conscripti,
1148 344 1192 379 et
1216 338 1458 393 amplissimi
1484 340 1595 381 orbis
1621 345 1759 381 terrae

169 407 330 448 consilii
370 406 579 460 principes
615 419 689 445 vos
721 418 811 444 esse
845 403 1064 457 aliquando
1099 402 1388 443 recordamini.
1452 402 1625 458 Signum
1657 405 1755 445 date

167 471 318 525 populo
343 470 532 510 Romano
556 468 772 509 consilium
792 473 978 508 vestrum
999 482 1081 508 non
1102 467 1244 508 deesse
1264 466 1323 508 rei
1345 466 1544 522 publicae,
1562 468 1756 522 quoniam

167 535 232 575 ille
257 535 451 574 virtutem
478 546 596 572 suam
627 546 710 572 non
738 532 974 572 defuturam
1004 546 1095 572 esse
1125 531 1359 586 profitetur.
1422 531 1535 571 Nihil
1561 537 1625 572 est
1645 533 1756 586 quod

167 612 359 638 moneam
395 611 481 637 vos.
544 595 677 636 Nemo
717 601 783 637 est
815 601 902 637 tam
943 597 1098 636 stultus
1132 596 1202 651 qui
1241 610 1323 636 non
1365 595 1585 650 intelligat,
1622 596 1657 636 si
1696 596 1756 636 in-

167 661 456 702 dormierimus
505 660 600 701 huic
650 661 841 715 tempori,
893 675 974 701 non
1024 661 1147 701 modo
1197 659 1407 700 crudelem
1452 660 1756 715 superbamque

166 726 491 767 dominationem
513 725 646 774 nobis,
679 726 751 765 sed
781 725 1098 779 ignominiosam
1129 724 1256 766 etiam
1279 729 1321 765 et
1342 724 1596 779 flagitiosam
1626 725 1757 770 feren-

165 792 262 832 dam
309 805 411 831 esse.

165 861 301 897 totam
324 855 504 894 domum.
570 854 832 901 Libidinosis,
856 854 1152 908 petulantibus,
1186 854 1368 908 impuris,
1392 853 1624 908 impudicis,
1647 853 1756 894 alea-

165 919 339 967 toribus,
363 919 488 959 ebriis
509 918 674 967 servire,
699 933 748 958 ea
767 932 928 958 summa
957 917 1123 958 miseria
1152 925 1217 959 est
1248 933 1408 958 summo
1437 919 1639 959 dedecore
1660 932 1756 959 con-

159 985 320 1038 juncta.
384 983 506 1035 Quod
528 982 562 1023 si
579 983 679 1036 jam,
704 983 813 1037 quod
836 982 891 1022 dii
919 996 1037 1022 omen
1059 988 1265 1031 avertant,
1288 982 1421 1022 fatum
1443 988 1677 1023 extremum
1698 982 1757 1023 rei

164 1048 355 1103 publicae
377 1047 501 1096 venit,
527 1047 636 1100 quod
658 1047 913 1101 gladiatores
940 1046 1100 1087 nobiles
1128 1046 1288 1087 faciunt
1318 1052 1364 1087 ut
1394 1047 1566 1087 honeste
1588 1047 1757 1087 decum-

165 1114 280 1159 bant,
303 1112 505 1152 faciamus
528 1125 614 1157 nos,
649 1111 856 1165 principes
885 1111 998 1150 orbis
1031 1115 1236 1151 terrarum
1267 1111 1536 1164 gentiumque
1558 1111 1753 1161 omnium,

164 1182 212 1217 ut
234 1191 328 1217 cum
351 1175 556 1229 dignitate
582 1175 724 1229 potius
746 1175 945 1215 cadamus
978 1189 1101 1227 quam
1130 1189 1225 1214 cum
1258 1175 1483 1228 ignominia
1513 1174 1752 1216 serviamus.

166 1241 281 1281 Nihil
303 1246 368 1280 est
389 1239 677 1280 detestabilius
700 1239 915 1287 dedecore,
939 1238 1038 1278 nihil
1068 1238 1229 1278 foedius
1259 1238 1472 1279 servitute.
1536 1239 1607 1278 Ad
1628 1239 1755 1280 decus

165 1309 207 1346 et
241 1304 477 1344 libertatem
508 1303 596 1343 nati
628 1317 793 1343 sumus:
828 1307 902 1343 aut
935 1302 1038 1342 haec
1071 1307 1287 1343 teneamus
1321 1308 1396 1343 aut
1423 1317 1517 1343 cum
1549 1303 1755 1357 dignitate

163 1369 402 1409 moriamur.
466 1367 650 1408 Nimium
676 1367 744 1407 diu
765 1366 947 1408 teximus
968 1367 1067 1421 quid
1089 1366 1361 1408 sentiremus:
1396 1382 1504 1407 nunc
1521 1367 1610 1421 jam
1637 1382 1755 1421 aper-

163 1439 252 1473 tum
269 1438 334 1474 est
352 1449 362 1479 3
388 1447 530 1473 omnes
546 1432 836 1487 patefecerunt
853 1431 893 1471 in
910 1437 1130 1486 utramque
1150 1437 1313 1485 partem
1330 1432 1427 1486 quid
1442 1432 1639 1481 sentiant,
1655 1432 1754 1486 quid

163 1498 304 1539 velint.
359 1497 468 1538 Sunt
489 1497 602 1551 ilnpii
624 1497 745 1545 cives,
765 1496 838 1536 sed
860 1510 934 1550 pro
952 1497 1127 1537 caritate
1148 1496 1204 1537 rei
1228 1496 1414 1551 publicae
1431 1496 1602 1536 nimium
1619 1496 1748 1546 multi,

165 1569 312 1604 contra
343 1561 652 1603 multitudinem
689 1561 793 1601 bene
829 1560 1097 1601 sentientium
1130 1561 1354 1601 admodum
1385 1561 1537 1615 pauci:
1576 1575 1751 1615 quorum

164 1627 528 1682 opprimendorum
546 1626 601 1666 dii
623 1626 879 1666 immortales
901 1625 1183 1666 incredibilem
1205 1625 1264 1665 rei
1286 1625 1473 1679 publicae
1494 1630 1751 1679 potestatem

164 1699 206 1732 et
234 1692 442 1733 fortunam
464 1691 681 1731 dederunt.
744 1691 815 1730 Ad
845 1705 895 1730 ea
926 1690 1034 1729 enim
1063 1689 1269 1743 praesidia
1300 1704 1403 1743 quae
1436 1690 1636 1729 habemus
1662 1689 1752 1743 jam

163 1757 365 1797 accedent
407 1755 597 1795 consules
637 1769 798 1794 summa
837 1753 1072 1808 prudentia,
1113 1753 1280 1802 virtute,
1324 1753 1556 1801 concordia,
1597 1754 1751 1794 multos

164 1834 329 1861 menses
350 1820 401 1859 de
422 1818 481 1859 rei
511 1818 700 1872 publicae
727 1818 923 1858 libertate
945 1817 1215 1858 commentati
1243 1823 1369 1872 atque
1401 1817 1604 1858 meditati.
1670 1817 1752 1858 His

978 1930 1143 1960 rhetorical
1173 1930 1285 1960 words.
1343 1931 1394 1960 He
1423 1931 1480 1960 1135
1510 1941 1597 1960 more
1627 1930 1663 1960 of
1694 1930 1749 1960 the

978 1973 1097 2002 Asiatic
1112 1973 1296 2002 abundance
1312 1973 1347 2002 of
1360 1976 1526 2002 ornament
1541 1973 1619 2003 than
1640 1972 1675 2003 of
1694 1974 1749 2003 the

166 1934 174 1946 ¹
188 1930 298 1962 Esset’
323 1931 349 1960 is
374 1931 448 1969 only
464 1930 580 1969 quoted
600 1929 642 1969 by
665 1929 761 1959 Halm
785 1939 818 1959 as
841 1929 936 1968 being

165 1975 197 2004 in
213 1985 233 2012 g
247 1974 276 2009 i;
301 1973 363 2003 and
387 1976 394 1990 ⁴
408 1972 490 2003 erat’
513 1973 540 2003 is
563 1977 620 2002 not
646 1972 763 2012 quoted
785 1982 818 2002 as
841 1972 937 2011 being

166 2017 198 2047 'm
214 2027 273 2056 any
291 2016 362 2046 MS.

212 2060 258 2090 14.
295 2059 455 2089 crudelem
484 2057 728 2096 superbamque]
793 2057 844 2086 He
879 2057 935 2086 has

167 2101 207 2140 (c.
225 2101 260 2141 4)
277 2100 454 2131 contrasted
472 2103 478 2117 ‘
494 2100 641 2129 crudelis'
659 2099 721 2129 and
739 2099 934 2138 ‘superbus.’

165 2144 355 2183 Tarquinius
378 2154 440 2173 was
470 2146 527 2172 not
550 2143 648 2172 called
672 2142 850 2178 ‘crudelis‚'
881 2142 936 2172 but

166 2191 173 2203 ⁴
188 2186 364 2225 superbus!
411 2183 610 2224 ‘Superbus'
632 2185 787 2214 therefore
813 2185 886 2214 here
910 2185 935 2215 is

164 2233 221 2259 not
250 2239 269 2258 a
305 2229 427 2263 climax,
463 2228 521 2257 but
551 2237 711 2266 expresses
743 2238 761 2257 a
790 2227 936 2257 different

166 2272 284 2311 quality
307 2271 387 2300 from
412 2275 419 2286 ‘
434 2269 589 2305 crudelis,'
620 2269 740 2308 though
765 2270 883 2309 cruelty
910 2270 936 2300 is

978 2016 1065 2045 Attic
1103 2017 1234 2054 severity
1270 2015 1305 2045 of
1346 2016 1425 2054 style
1456 2016 1599 2054 (Brutus,
1629 2026 1656 2046 c.
1687 2017 1749 2052 82;

977 2058 1037 2087 and
1056 2068 1082 2087 c.
1102 2059 1139 2088 13
1154 2059 1215 2087 and
1232 2060 1292 2093 95;
1317 2058 1379 2087 and
1396 2058 1485 2088 Orat.
1502 2068 1526 2088 c.
1545 2059 1590 2097 9).

1019 2101 1231 2140 qladz'atores]
1281 2101 1340 2130 See
1362 2101 1421 2130 Pro
1446 2101 1557 2137 Sestio,
1576 2111 1600 2131 c.
1618 2102 1670 2137 37,
1686 2099 1748 2130 and

978 2143 1032 2172 the
1048 2147 1132 2172 note.

1015 2185 1256 2225 patefecerunt]
1317 2196 1336 2215 a
1381 2185 1402 2215 b
1445 2196 1485 2224 g3
1530 2187 1538 2201 ‘
1555 2185 1750 2224 patefaciunt

977 2227 1207 2267 patefecerunt’
1224 2228 1264 2258 V.
1311 2228 1406 2258 Halm
1432 2228 1487 2258 has
1516 2227 1748 2267 ‘patefaciunt.’

980 2271 1031 2300 He
1047 2280 1116 2310 says
1133 2273 1152 2288 “
1165 2280 1236 2300 cum
1260 2271 1440 2310 oppositum
1463 2271 1504 2300 sit
1520 2272 1658 2300 teximus
1673 2270 1753 2309 quid

495 789 643 830 Nostis
689 789 953 831 insolentiam
993 789 1181 838 Antonii,
1227 789 1361 830 nostis
1406 789 1575 838 amicos,
1623 788 1757 830 nostis
1810 810 1814 813 ·

165 2314 242 2344 such
267 2324 285 2343 a
311 2314 377 2343 vice
407 2312 476 2342 that
507 2313 532 2341 it
555 2313 581 2341 is
606 2312 715 2350 hardly
740 2313 876 2351 possible
902 2316 935 2342 to

165 2365 293 2394 express
318 2365 376 2385 our
400 2355 589 2384 detestation
619 2354 655 2384 of
676 2355 701 2384 it
728 2355 768 2394 by
795 2365 857 2393 any
880 2355 935 2384 ad-

166 2398 296 2428 ditional
318 2403 399 2427 term
420 2397 455 2426 of
472 2397 634 2436 reproach.
685 2400 692 2413 ‘
706 2396 934 2435 Ignominiosa’

165 2441 191 2470 is
215 2445 222 2456 ‘
237 2439 463 2478 ignominious’
489 2443 521 2468 to
544 2439 633 2468 those
649 2439 718 2468 who
740 2440 858 2469 endure
881 2440 936 2470 the

164 2486 309 2522 tyranny.
356 2481 566 2520 ‘Ignominia'
598 2482 653 2510 has
683 2482 770 2511 often
800 2492 819 2511 a
848 2482 935 2511 tech-

164 2525 248 2554 nical
264 2525 420 2562 meaning,
437 2524 530 2562 being
546 2524 599 2553 the
622 2523 682 2553 bad
698 2529 808 2563 repute
824 2534 859 2554 or
874 2524 934 2554 bad

165 2568 293 2607 opinion
310 2567 410 2595 which
433 2567 458 2595 is
482 2568 536 2595 the
559 2576 773 2605 consequence
796 2567 831 2596 of
850 2577 936 2596 some

165 2614 225 2639 act.
272 2613 279 2625 ‘
293 2608 475 2647 Flagitium’
492 2609 518 2637 is
540 2619 600 2646 any
618 2609 676 2637 bad
702 2614 761 2645 act,
779 2609 840 2638 and
857 2609 934 2639 such

165 2662 200 2682 as
224 2652 324 2690 might
353 2651 390 2680 be
413 2651 555 2680 followed
583 2651 623 2689 by
648 2651 859 2689 ‘ignominia’
906 2651 939 2680 If

165 2694 191 2724 it
205 2695 231 2724 is
247 2704 281 2723 so
299 2694 383 2727 here,
398 2693 451 2722 the
467 2694 558 2722 effect
581 2693 606 2722 is
629 2693 738 2732 placed
761 2693 865 2723 before
881 2694 935 2723 the

166 2746 270 2766 cause.
316 2740 324 2753 ‘
340 2735 523 2774 Flagitium’
548 2735 574 2764 is
597 2736 777 2764 sometimes
802 2736 935 2774 coupled

166 2779 242 2808 with
270 2777 411 2808 ‘scelus'
468 2778 498 2808 It
527 2778 554 2807 is
579 2781 635 2807 not
665 2778 777 2816 always
804 2788 873 2816 easy
904 2783 934 2807 to

166 2822 272 2861 assigu
308 2821 391 2852 their
420 2824 509 2851 exact
537 2820 627 2850 value
663 2823 696 2849 to
726 2820 768 2849 all
798 2820 935 2850 Cicero’s

976 2314 1175 2348 sentiremus,
1206 2313 1271 2342 sere
1294 2317 1425 2352 apparet
1443 2313 1659 2352 patefaciunt,
1686 2322 1752 2342 non

976 2356 1062 2384 illam
1092 2356 1221 2385 alteram
1257 2355 1423 2385 lectionem
1453 2356 1621 2394 genuinam
1651 2354 1752 2385 esse.”

977 2398 1017 2427 V.
1043 2398 1099 2427 has
1125 2398 1220 2437 ‘quid
1245 2399 1368 2435 sentiat,
1396 2398 1469 2438 quid
1501 2397 1597 2434 velit,’
1626 2397 1697 2427 that
1722 2397 1750 2427 is

980 2443 986 2456 ‘
1001 2440 1157 2480 quisque.'

1020 2483 1076 2512 sed
1089 2492 1152 2522 pro
1170 2483 1322 2521 caritate]
1363 2483 1403 2512 V.
1419 2483 1476 2512 has
1494 2481 1597 2518 ‘sed3'
1613 2481 1671 2511 but
1686 2481 1710 2511 it
1725 2481 1751 2511 is

978 2525 1107 2555 omitted
1124 2526 1156 2554 in
1169 2525 1207 2554 D.
1256 2528 1275 2541 ‘⁶
1288 2525 1500 2555 Referendum
1517 2528 1564 2554 est
1577 2525 1633 2554 sed
1647 2524 1686 2554 ad
1702 2534 1750 2554 vv.

978 2568 1147 2597 admodum
1172 2569 1283 2606 pauci,
1311 2578 1381 2597 cum
1413 2568 1453 2597 sit
1476 2567 1653 2597 sententia:
1679 2569 1752 2596 sunt

978 2610 1066 2648 impii
1097 2610 1188 2646 cives,
1226 2610 1290 2645 sed,
1322 2620 1512 2649 quamquam
1538 2619 1594 2648 pro
1622 2609 1749 2638 caritate

977 2652 1022 2681 rei
1045 2662 1072 2691 p.
1099 2653 1229 2681 nimium
1255 2652 1355 2686 multi,
1383 2658 1492 2682 contra
1515 2651 1748 2681 multitudinem

977 2698 1084 2724 tamen
1105 2694 1186 2725 bene
1213 2695 1412 2725 sentientium
1435 2695 1603 2724 admodum
1623 2692 1747 2732 pauci.”

977 2740 1029 2759 —‘
1044 2742 1152 2766 contra
1182 2737 1435 2768 multitudinem’
1465 2737 1516 2774 V.,
1541 2740 1548 2753 ⁴
1561 2745 1619 2776 pro
1642 2734 1747 2764 multi-

977 2779 1103 2809 tudine'
1121 2779 1163 2812 D.
