1816 3211
82 167 164 208 264
498 162 676 205 ORAT.
710 161 829 204 PRO
863 161 956 204 CN.
990 159 1259 203 PLANCIO

83 279 203 321 effers
227 278 497 319 Laterensem
518 277 726 318 laudibus.
789 275 932 317 Facile
953 274 1089 330 patior
1109 273 1152 314 id
1173 277 1216 314 te
1237 286 1360 327 agere
1382 270 1523 313 multis
1539 270 1676 312 verbis

85 344 196 400 quod
218 343 271 384 ad
287 342 490 398 judicium
511 357 594 382 non
615 341 835 396 pertineat,
861 345 904 381 et
928 340 970 380 id
992 346 1034 381 tc
1056 343 1326 380 accusantem
1347 337 1509 378 tamdiu
1540 336 1678 377 dicere

85 409 196 465 quod
218 424 295 464 ego
319 408 509 448 defensor
530 407 618 447 sine
640 405 821 460 periculo
843 404 998 458 possim
1019 403 1223 445 confiteri.
1284 402 1420 457 Atqui
1450 416 1534 442 non
1554 400 1678 441 modo

87 474 291 516 confiteor
313 486 475 514 summa
495 472 537 511 in
570 471 801 511 Laterense
821 473 1068 510 ornamenta
1089 482 1191 517 esse,
1214 467 1287 508 sed
1320 471 1363 507 te
1394 466 1521 507 etiam
1542 479 1679 521 repre-

87 539 237 587 hendo,
261 537 372 592 quod
407 551 456 576 ea
490 550 573 576 non
607 549 836 583 enumeres,
873 533 954 574 alia
988 533 1192 588 quaedam
1224 532 1363 573 inania
1395 536 1438 572 et
1458 531 1564 572 levia
1585 545 1680 572 con-

89 603 241 659 quiras.
305 601 535 641 Praeneste
556 599 703 640 fecisse
725 599 858 640 ludos.
919 598 1042 650 Quid,
1065 598 1133 639 alii
1151 602 1396 653 quaestores
1416 610 1553 637 nonne
1575 596 1682 636 fece-

89 668 207 709 runt?
279 664 456 720 Cyrenis
488 664 703 706 liberalem
737 664 779 704 in
809 663 1064 719 publicanos,
1098 663 1263 718 justum
1295 661 1337 702 in
1369 661 1507 702 socios
1540 659 1683 700 fuisse.

91 732 195 785 Quis
215 731 371 786 negat?
401 730 475 771 sed
496 729 557 771 ita
577 729 711 771 multa
743 728 905 770 Romae
926 733 1130 784 geruntur
1161 732 1208 769 ut
1227 727 1297 768 vix
1318 741 1368 768 ea
1389 740 1494 781 quae
1515 725 1622 766 fiunt
1642 724 1686 777 in

89 796 312 854 provinciis
334 794 573 836 audiantur.
636 794 732 835 Non
764 809 910 835 vereor
945 808 997 834 ne
1027 793 1128 833 mihi
1161 791 1326 847 aliquid,
1345 791 1523 846 judices,
1545 790 1687 831 videar

91 876 320 917 arrogasse,
345 860 379 901 si
402 861 453 900 de
475 863 703 915 quaestura
723 874 816 900 mea
837 857 1228 914 dixero—quamvis
1258 857 1367 898 enim
1389 856 1459 897 illa
1479 854 1684 905 floruerit,

92 933 234 970 tamen
256 940 352 967 eum
373 940 438 966 me
469 929 619 980 postea
654 924 782 965 fuisse
810 924 852 965 in
873 924 1066 965 maximis
1096 922 1280 978 imperiis
1309 921 1503 972 arbitror,
1527 925 1576 962 ut
1605 933 1690 960 non

92 993 154 1034 ita
174 992 274 1033 mihi
296 991 474 1032 multum
494 990 652 1045 gloriae
682 990 738 1031 sit
774 1004 827 1030 ex
858 994 1107 1044 quaesturae
1129 989 1251 1029 laude
1282 985 1689 1041 repetendum—sed

92 1062 235 1098 tamen
256 1071 340 1097 non
360 1070 503 1096 vereor
524 1069 576 1095 ne
598 1054 690 1110 quis
711 1055 866 1095 audeat
888 1054 1027 1095 dicere
1048 1053 1171 1094 ullius
1192 1052 1234 1092 in
1259 1051 1399 1092 Sicilia
1420 1055 1691 1106 quaesturam

93 1127 168 1164 aut
189 1121 414 1176 gratiorem
436 1124 510 1160 aut
531 1119 750 1160 clariorem
770 1119 911 1160 fuisse.
975 1118 1089 1159 Vere
1125 1132 1192 1158 me
1225 1116 1392 1157 hercule
1423 1116 1502 1156 hoc
1524 1114 1660 1155 dicam
1678 1129 1687 1153 ε

97 1188 157 1229 sic
191 1192 284 1228 tum
305 1185 608 1235 existimabam,
633 1184 734 1224 nihil
757 1183 947 1224 homines
967 1183 1080 1224 aliud
1103 1182 1264 1223 Romae
1286 1181 1366 1221 nisi
1394 1181 1445 1221 de
1467 1184 1693 1235 quaestura

95 1267 189 1294 mea
209 1252 335 1307 loqui.
399 1250 622 1291 Frumenti
643 1250 684 1289 in
701 1264 863 1289 summa
882 1249 1060 1290 caritate
1081 1247 1312 1288 maximum
1332 1260 1551 1287 numerum
1571 1243 1692 1285 mise-

95 1332 212 1364 ram;
246 1315 583 1371 negotiatoribus
619 1314 762 1363 comis,
784 1313 1089 1355 mercatoribus
1120 1313 1278 1367 justus,
1300 1311 1562 1366 mancipibus
1594 1309 1693 1350 libe-

96 1382 206 1432 ralis,
231 1381 357 1422 sociis
390 1380 619 1430 abstinens,
644 1379 837 1420 omnibus
873 1394 988 1420 eram
1009 1378 1122 1419 visus
1150 1377 1193 1418 in
1223 1377 1335 1418 omni
1367 1376 1501 1418 officio
1524 1375 1696 1429 diligen-

96 1447 294 1489 tissimus.
358 1445 605 1500 Excogitati
620 1445 789 1500 quidam
803 1449 924 1486 erant
945 1459 970 1486 a
986 1443 1136 1485 Siculis
1157 1443 1336 1484 honores
1356 1442 1398 1483 in
1420 1456 1484 1482 me
1505 1438 1695 1481 inauditi.

100 1513 249 1567 Itaque
271 1512 349 1552 hac
372 1526 446 1566 spe
470 1511 725 1552 decedebam
749 1514 798 1551 ut
824 1509 926 1550 mihi
946 1509 1146 1565 populum
1169 1508 1405 1549 Romanum
1426 1507 1538 1548 ultro
1560 1504 1698 1546 omnia

99 1578 332 1618 delaturum
355 1581 561 1631 putarem.
624 1576 686 1617 At
708 1589 785 1630 ego
816 1589 944 1630 quum
966 1589 1066 1615 casu
1087 1574 1233 1615 diebus
1254 1573 1305 1613 iis
1326 1571 1487 1614 itineris
1517 1569 1697 1611 faciendi

99 1657 247 1684 caussa
268 1642 473 1682 decedens
495 1656 517 1682 e
539 1641 753 1696 provincia
775 1640 979 1681 Puteolos
1010 1639 1120 1680 forte
1142 1638 1361 1687 venissem,
1384 1651 1511 1692 quum
1531 1633 1698 1691 plurimi

101 1712 145 1749 et
165 1706 387 1748 lautissimi
409 1705 450 1746 in
472 1705 521 1746 iis
542 1705 645 1747 locis
666 1705 803 1746 solent
824 1719 927 1752 esse,
951 1703 1113 1745 concidi
1134 1718 1276 1758 paene,
1296 1702 1475 1757 judices,
1499 1715 1626 1756 quum
1647 1714 1699 1740 ex

101 1787 168 1812 me
201 1771 370 1826 quidam
405 1770 648 1826 quaesisset,
687 1784 768 1824 quo
805 1769 872 1810 die
906 1769 1044 1810 Roma
1076 1768 1257 1810 exissem
1296 1772 1341 1809 et
1372 1781 1473 1807 num
1500 1765 1700 1820 quidnam

103 1841 218 1878 esset
256 1835 364 1877 novi.
428 1835 515 1876 Cui*
546 1850 639 1876 cum
679 1834 1000 1889 respondissem,
1045 1848 1112 1873 me
1152 1847 1174 1873 e
1213 1831 1426 1887 provincia
1466 1830 1668 1871 decedere
1686 1847 1695 1871 :

105 1901 252 1942 Etiam
273 1915 338 1941 me
370 1899 549 1950 hercule,
573 1899 720 1954 inquit,
755 1904 803 1940 ut
836 1899 994 1954 opinor,
1028 1913 1080 1938 ex
1117 1897 1278 1938 Africa.
1341 1895 1554 1937 XXVII.
1587 1894 1700 1936 Huic

105 1981 183 2021 ego
209 1966 299 2020 jam
333 1965 601 2006 stomachans
633 1964 861 2011 fastidiose,
898 1963 1033 2003 Immo
1066 1976 1119 2002 ex
1157 1961 1309 2012 Sicilia,
1347 1962 1530 2017 inquam.
1592 1960 1701 2001 Tum

106 2031 286 2089 quidam,
311 2030 429 2085 quasi
450 2029 520 2085 qui
541 2029 678 2070 onmia
699 2029 839 2078 sciret,
864 2027 986 2080 Quid,
1010 2032 1058 2068 tu
1090 2027 1239 2077 nescis,
1264 2027 1411 2082 inquit,
1433 2027 1544 2067 hunc
1578 2025 1700 2079 Syra-

108 2097 219 2138 cusis
255 2100 521 2151 quaestorem
552 2095 677 2136 fuisse
694 2093 879 2147 Z—Quid
911 2093 1072 2134 multa?
1103 2092 1248 2134 destiti
1280 2090 1546 2141 stomachari,
1571 2094 1615 2131 et
1635 2104 1702 2131 me

107 2218 245 2259 positum
270 2227 338 2248 esse
363 2217 470 2247 docuit
494 2216 683 2246 Garatonius
705 2215 753 2246 Ad
773 2216 843 2246 Cat.
860 2216 880 2245 i.
926 2214 1019 2245 rum.'
1067 2214 1119 2246 He
1144 2214 1201 2244 has
1218 2214 1286 2253 just
1311 2213 1387 2249 said,
1419 2223 1452 2244 as
1482 2213 1627 2243 Wunder
1653 2222 1702 2243 re-

108 2272 135 2291 c.
156 2262 205 2297 ll,
222 2271 253 2300 p.
271 2262 333 2291 415
346 2259 365 2273 '’
383 2258 568 2300 (XVunder).
613 2259 757 2288 Wunder
776 2259 882 2299 points

107 2305 142 2334 in
171 2304 226 2333 the
256 2303 347 2332 usual
376 2313 453 2342 way,
485 2301 614 2335 ‘Quid?
641 2303 692 2331 alii
719 2325 726 2332 .
753 2324 760 2332 .
787 2324 793 2332 .
818 2311 882 2332 non

108 2345 293 2377 fecerunt?'
340 2345 446 2375 Baiter
483 2345 539 2375 has
571 2345 699 2378 Quid?
731 2345 783 2374 alii
807 2367 814 2375 .
841 2367 848 2375 .
874 2368 882 2375 .

108 2399 215 2419 nonne
231 2388 409 2418 fecerunt?'

151 2431 311 2471 imperiis]
374 2431 424 2460 He
439 2430 557 2460 alludes
573 2433 605 2460 to
617 2430 672 2460 the
688 2430 883 2470 praetorship

109 2475 172 2505 and
197 2474 388 2513 consulship.
434 2473 464 2503 A
492 2477 617 2513 praetor
642 2473 704 2503 and
730 2484 748 2503 a
775 2474 884 2503 consul

109 2528 190 2548 were
206 2518 271 2547 said
285 2520 292 2533 ⁴
307 2527 374 2546 esse
390 2526 461 2546 cum
476 2517 607 2556 imperio
621 2516 629 2530 ’
649 2517 754 2551 (Verr.
771 2516 844 2546 Act.
861 2517 881 2546 i.

111 2572 137 2592 c.
158 2562 217 2597 133
243 2560 291 2590 Ad
309 2560 418 2592 QxFr.
435 2559 456 2588 i.
477 2561 504 2598 l,
520 2570 545 2589 c.
566 2561 623 2596 103
648 2559 708 2589 Pro
726 2559 838 2593 Sestio,
855 2570 883 2589 c.

112 2606 163 2640 60,
195 2603 257 2633 and
282 2603 336 2632 the
366 2601 734 2641 note).—‘numerum:’
759 2612 793 2632 so
820 2603 884 2632 this

111 2646 195 2677 word
222 2646 249 2676 is
276 2646 457 2675 sometimes
481 2645 567 2675 used.
616 2645 667 2675 He
691 2645 783 2675 could
806 2646 885 2675 have

112 2690 178 2719 said
205 2692 212 2706 ‘
226 2689 395 2718 maximam
420 2687 561 2717 vim.’—‘
576 2688 772 2726 mancipibus
787 2688 807 2718 ε’
831 2689 886 2718 the

111 2733 255 2767 editions,
283 2731 325 2761 all
361 2731 396 2760 of
429 2731 516 2760 them
548 2730 563 2760 Ι
595 2740 740 2770 suppose,
779 2730 886 2761 before

111 2775 256 2805 Wunder
279 2774 342 2804 had
369 2773 622 2812 ‘municipibus,'
646 2773 747 2802 which
770 2774 795 2803 is
821 2774 885 2803 still

112 2818 190 2858 kept
204 2818 237 2848 in
262 2827 348 2847 some
374 2817 510 2847 German
535 2817 647 2855 prints,
666 2816 787 2855 though
811 2817 837 2846 it
858 2817 885 2846 is

112 2871 280 2891 nonsense.
325 2860 363 2890 T.
382 2859 419 2889 E.
436 2859 515 2889 have
533 2858 771 2897 ‘mancipibus’
816 2859 885 2889 The

114 2903 314 2945 ‘mancipes’
339 2913 391 2934 are
418 2902 473 2933 the
501 2902 678 2943 ‘principes
702 2901 886 2943 publicano-

928 2259 1042 2294 marks,
1081 2257 1180 2288 about
1217 2257 1407 2293 Laterensis,
1451 2259 1458 2274 ‘
1472 2256 1634 2286 liberalem
1669 2256 1704 2285 in

927 2301 1121 2341 publicanos,
1143 2301 1265 2339 justum
1290 2300 1324 2329 in
1345 2299 1468 2330 socios.'
1515 2300 1567 2329 He
1591 2299 1704 2338 speaks

928 2345 963 2374 of
976 2345 1030 2374 the
1048 2347 1055 2360 ‘
1067 2344 1227 2383 mancipes
1239 2343 1246 2356 ’
1263 2344 1295 2373 in
1321 2343 1376 2373 the
1399 2343 1506 2373 Divin.
1529 2352 1556 2372 c.
1576 2343 1625 2378 10,
1641 2341 1705 2371 and

928 2388 1019 2417 Verr.
1036 2387 1067 2417 ii.
1085 2388 1115 2422 3,
1132 2397 1158 2417 c.
1175 2387 1217 2422 74
1231 2398 1238 2423 ;
1263 2386 1380 2426 quoted
1396 2386 1437 2425 by
1454 2385 1608 2415 Wunder.

973 2440 1047 2460 casu
1075 2452 1081 2459 .
1111 2452 1119 2459 .
1145 2452 1152 2460 .
1168 2430 1278 2469 forte]
1329 2428 1455 2459 ‘Casu’
1491 2428 1554 2458 and
1584 2425 1704 2457 ‘forte'

928 2473 1007 2503 both
1019 2473 1100 2503 refer
1111 2476 1144 2503 to
1156 2474 1164 2488 ‘
1176 2472 1286 2502 diebus
1298 2472 1335 2502 iis
1345 2494 1352 2502 .
1367 2494 1374 2501 .
1387 2494 1394 2501 .
1404 2471 1570 2507 venissem,
1585 2480 1683 2510 quum
1695 2469 1704 2484 '

929 2515 1112 2555 (Wunder).
1160 2516 1212 2545 He
1237 2514 1403 2554 happened
1428 2517 1462 2544 to
1485 2514 1559 2543 visit
1582 2512 1706 2543 Puteoli

927 2559 1017 2589 when
1040 2559 1064 2588 it
1086 2568 1148 2588 was
1175 2558 1243 2594 full,
1267 2558 1324 2588 but
1348 2558 1388 2587 he
1412 2560 1495 2587 went
1518 2557 1608 2586 there
1632 2566 1706 2595 pur-

928 2602 1046 2642 posely,
1064 2601 1185 2639 though
1201 2601 1226 2631 it
1242 2611 1303 2630 was
1319 2603 1375 2630 out
1391 2600 1426 2630 of
1437 2600 1486 2629 his
1501 2599 1643 2629 road.—-‘
1655 2608 1706 2628 me

929 2656 945 2675 e
960 2645 979 2674 :’
998 2648 1005 2662 ‘
1020 2655 1070 2674 me
1085 2644 1126 2680 a,'
1143 2644 1352 2673 VVunder.—‘
1367 2643 1461 2673 etiam
1479 2652 1530 2672 me
1546 2641 1671 2671 hercule
1683 2639 1706 2670 :’

931 2691 938 2705 ‘
951 2687 1068 2724 etiam)
1082 2697 1116 2718 as
1137 2686 1282 2716 XVunder
1303 2697 1383 2725 says,
1401 2695 1560 2724 expresses
1578 2686 1705 2720 assent3

930 2741 964 2760 as
993 2731 1020 2760 if
1046 2731 1101 2760 the
1130 2740 1204 2759 man
1235 2729 1311 2766 said,
1345 2728 1411 2758 ‘To
1438 2728 1478 2758 be
1507 2737 1589 2763 sure,
1624 2726 1707 2756 from

929 2773 1047 2809 Africa,
1065 2773 1080 2803 Ι
1098 2772 1256 2812 suppose.'

972 2818 1024 2852 27.
1051 2815 1238 2854 Syracusis]
1286 2814 1390 2844 There
1411 2822 1492 2842 were
1514 2815 1575 2842 two
1596 2821 1706 2851 quaes-

930 2862 995 2889 tors
1011 2858 1060 2888 for
1077 2858 1183 2897 Sicily,
1201 2868 1261 2888 one
1277 2857 1325 2887 for
1341 2857 1394 2886 the
1415 2855 1547 2885 division
1564 2855 1599 2885 of
1614 2855 1707 2894 Syra-

931 2911 1014 2940 cuse,
1035 2901 1099 2933 and
1114 2901 1170 2933 the
1184 2901 1275 2932 other
1290 2899 1338 2931 for
1352 2899 1407 2931 the
1423 2898 1556 2930 division
1571 2898 1606 2929 of
1619 2897 1707 2939 Lily-
