1816 3211
65 207 148 250 470
247 203 426 246 ORAT.
460 201 971 244 PHILIPPICARUM
1010 200 1195 241 LIBER
1226 200 1482 241 PRIMUS.

66 325 115 362 ut
141 318 385 367 turbulenti,
410 322 456 358 ut
486 316 686 365 seditiosi,
710 322 758 357 ut
789 314 1009 370 perniciosi
1041 313 1151 355 cives
1181 312 1311 354 velint
1342 314 1460 354 esse?
1521 313 1657 364 Quam

67 389 209 426 autem
230 384 282 424 ad
314 389 473 438 pestem
504 383 618 421 furor
649 381 897 422 tribunicius
929 379 1081 433 impelli
1113 393 1194 419 non
1226 378 1383 432 poterit
1412 378 1476 418 his
1498 379 1658 419 duabus

70 449 385 505 quaestionibus
413 449 462 487 do
485 447 522 486 vi
549 455 590 486 ct
623 445 857 499 majestatis
886 444 1089 484 sublatis?
1151 443 1273 495 Quid,
1297 444 1406 498 quod
1429 445 1659 498 obrogatur

65 514 226 569 legibus
250 512 452 560 Caesaris,
477 526 581 565 quae
598 511 752 564 jubent
773 510 808 550 ei
831 509 899 564 qui
922 509 972 549 de
993 509 1044 559 vi,
1068 509 1250 563 itemque
1274 509 1310 548 ci
1333 508 1402 562 qui
1423 509 1658 562 majestatis

68 579 290 619 damnatus
325 577 392 625 sit,
428 590 536 630 aqua
573 580 616 616 et
652 575 737 630 igni
778 574 1001 615 interdici?
1061 574 1222 626 Quibus
1258 588 1385 628 quum
1417 574 1658 627 provocatio

68 646 202 692 datur,
246 656 382 682 nonne
422 646 519 682 acta
561 639 754 680 Caesaris
796 639 1119 680 rescinduntur?
1181 638 1297 690 Quae
1348 638 1515 693 quidem
1565 654 1656 693 ego,

67 714 212 765 patres
234 706 472 761 conscripti,
496 705 565 761 qui
587 706 655 746 illa
677 719 901 760 numquam
925 705 1111 760 probavi,
1135 709 1274 745 tamen
1297 704 1357 744 ita
1379 704 1660 744 conservanda

68 773 314 815 concordiae
337 786 486 812 caussa
515 770 746 811 arbitratus
767 785 871 821 sum,
895 776 944 811 ut
974 785 1055 811 non
1085 770 1209 810 modo
1242 784 1345 823 quas
1367 769 1482 809 vivus
1505 768 1665 810 Caesar*

67 839 182 892 leges
212 837 378 878 tulisset
412 835 680 876 infirmandas
710 835 789 875 hoc
822 839 1009 890 tempore
1036 850 1120 875 non
1151 840 1354 890 putarem,
1386 835 1461 875 sed
1491 849 1543 874 ne
1572 834 1661 874 illas

69 904 249 959 quidem,
273 917 376 956 quas
396 906 493 956 post
514 905 692 942 mortem
715 901 905 942 Caesaris
927 901 1114 955 prolatas
1136 915 1227 941 esse
1249 906 1293 942 et
1313 901 1419 941 fixas
1440 900 1605 941 videtis.

127 969 188 1009 X.
222 967 288 1008 De
309 967 453 1008 exsilio
474 966 636 1007 reducti
657 980 681 1006 a
702 971 892 1012 mortuo;
927 965 1075 1006 civitas
1097 966 1195 1006 data
1215 981 1296 1006 non
1318 965 1450 1006 solum
1472 965 1658 1020 singulis,

70 1034 143 1074 sed
182 1031 420 1073 nationibus
461 1036 504 1072 et
544 1030 768 1085 provinciis
803 1030 1005 1071 universis
1037 1045 1062 1071 a
1098 1036 1288 1077 mortum
1325 1030 1661 1071 immunitatibus

69 1098 244 1139 infinitis
265 1097 431 1138 sublata
452 1095 671 1150 vectigalia
691 1110 716 1136 a
736 1101 916 1137 mortuo.
978 1096 1094 1150 Ergo
1115 1096 1217 1136 haec
1239 1110 1320 1136 uno
1337 1110 1478 1136 verum
1501 1095 1659 1150 optimo

69 1169 241 1204 auctore
274 1162 396 1202 domo
429 1161 593 1216 prolata
625 1160 911 1207 defendimus—33
947 1175 1018 1201 eas
1048 1160 1162 1214 leges
1193 1175 1298 1215 quas
1329 1160 1417 1214 ipse
1448 1160 1569 1200 nobis
1600 1160 1659 1200 in-

69 1228 358 1284 spectantibus
389 1227 596 1274 recitavit,
620 1225 917 1280 pronuntiavin
947 1225 1058 1274 tulit,
1081 1226 1231 1280 quibus
1261 1226 1358 1267 latis
1388 1225 1658 1280 gloriabatur,

69 1295 203 1348 iisque
234 1293 398 1348 legibus
433 1307 521 1332 rem
556 1291 763 1346 publicam
793 1290 998 1332 contineri
1027 1291 1218 1345 putabat,
1253 1291 1304 1332 de
1339 1290 1573 1345 provinciis,
1609 1291 1660 1331 de

64 1358 247 1415 ju(liciiS‚
291 1372 374 1406 eas,
415 1356 596 1411 inquam,
640 1356 834 1398 Caesaris
873 1356 989 1411 leges
1029 1371 1107 1397 nos
1148 1356 1218 1411 qui
1260 1356 1521 1396 defendimus
1561 1360 1660 1396 acta

69 1424 262 1466 Caesaris
293 1423 539 1464 evertendas
573 1421 840 1476 putabimus?
901 1421 968 1462 Ac
1001 1421 1052 1462 de
1085 1421 1149 1462 his
1181 1427 1323 1462 tamen
1356 1421 1519 1476 legibus
1554 1435 1659 1476 quae

66 1490 357 1545 promulgatae
389 1492 489 1528 sunt
521 1487 670 1528 saltem
699 1486 816 1541 queri
848 1501 1091 1541 possumus:
1133 1487 1184 1528 de
1216 1487 1266 1527 iis
1296 1501 1401 1542 quae
1431 1487 1520 1541 jam
1549 1487 1659 1527 latae

70 1556 266 1596 dicuntur
287 1568 337 1594 ne
358 1552 458 1593 illud
480 1551 645 1608 quidem
667 1551 794 1592 licuit.
858 1551 959 1592 Illae
981 1551 1091 1592 enim
1112 1552 1201 1593 sine
1222 1552 1304 1593 ulla
1326 1552 1658 1607 promulgatione

66 1621 179 1662 latae
211 1622 308 1660 sunt
339 1623 438 1659 ante
475 1632 598 1672 quam
633 1617 827 1671 scriptae.
890 1617 1054 1668 Quaero
1086 1622 1228 1658 autem
1257 1617 1354 1671 quid
1385 1617 1452 1665 sit,
1480 1631 1553 1657 cur
1587 1623 1660 1656 aut

69 1701 148 1741 ego
173 1690 248 1726 aut
275 1683 493 1738 quisquam
515 1687 713 1731 vestrum,
738 1686 879 1736 patres
901 1681 1142 1736 conscripti,
1167 1682 1286 1722 bonis
1316 1681 1495 1722 tribunis
1526 1681 1659 1736 plebis

68 1752 184 1805 leges
215 1750 345 1789 malas
379 1752 555 1788 metuat.
618 1746 801 1787 Pal-atos
828 1746 1030 1786 habemus
1058 1746 1126 1800 qui
1161 1746 1452 1792 intercedant;
1487 1751 1658 1801 paratos

69 1815 138 1870 qui
166 1829 254 1855 rem
284 1812 493 1867 publicam
522 1810 719 1865 religione
751 1810 1001 1857 defendant;
1036 1810 1154 1850 vacui
1176 1816 1290 1851 metu
1323 1825 1414 1851 esse
1443 1811 1657 1852 debemus.

69 1880 244 1931 —Quas
259 1883 304 1917 tu
320 1876 434 1924 mihi,
453 1875 598 1930 inquit,
618 1874 950 1924 intercessiones,
967 1889 1071 1929 quas
1086 1875 1309 1930 religiones
1322 1875 1484 1916 3-Eas
1497 1876 1659 1917 scilicet

69 1945 219 2000 quibus
250 1941 310 1983 rei
345 1940 536 1995 publicae
575 1939 687 1980 salus
721 1939 1296 1995 continetur.—-Negligimus
1328 1940 1423 1990 ista,
1458 1945 1502 1982 et
1536 1941 1658 1982 nimis

114 2082 304 2122 obroyatur]
353 2082 382 2112 A
393 2081 517 2120 portion
533 2080 568 2110 of
581 2080 723 2111 Caesar’s
739 2081 840 2120 Leges

71 2137 132 2157 was
163 2126 319 2165 changed:
362 2125 460 2154 “Lex
489 2127 544 2153 aut
565 2127 702 2162 rogatur,
729 2124 760 2153 id
780 2128 838 2161 est,

70 2171 187 2206 fertur3
211 2172 265 2199 aut
283 2168 462 2206 abrogatur,
478 2167 509 2196 id
531 2170 588 2203 est,
606 2167 689 2205 prior
708 2167 757 2196 lex
778 2167 839 2197 tol-

70 2214 165 2249 litur;
203 2215 259 2242 aut
288 2211 464 2249 derogatur,
496 2210 527 2238 id
554 2213 611 2244 est,
639 2220 710 2249 pars
738 2210 840 2249 prima

70 2256 210 2291 tollitur3
244 2258 299 2284 aut
328 2253 526 2292 subrogatur,
557 2252 588 2281 id
619 2256 675 2289 est,
707 2253 841 2283 adicitur

69 2298 187 2338 aliquid
212 2297 332 2336 primae
352 2296 430 2334 legi3
454 2299 509 2324 aut
532 2295 712 2334 obrogatur,
730 2296 761 2325 id
782 2300 839 2333 est,

69 2344 210 2370 mutatur
239 2339 355 2379 aliquid
385 2348 423 2368 ex
449 2338 550 2378 prima
569 2338 663 2377 lege'’
697 2339 839 2378 (Ulpian.

69 2384 132 2414 Tit.
175 2385 190 2420 ξ
224 2381 271 2423 3).
333 2382 429 2411 ‘Pars
459 2380 580 2420 prima’
611 2382 636 2410 is
677 2382 841 2420 explained

70 2430 189 2464 “pars,
205 2425 225 2455 i.
239 2435 267 2455 6.
290 2424 404 2465 partim
415 2425 526 2463 prima
542 2424 590 2453 lex
607 2425 760 2454 tollitur”
780 2424 841 2465 (ed.

72 2467 241 2507 Biicking).

118 2513 166 2542 10.
191 2512 242 2540 De
268 2509 396 2548 eoesz'lz'o]
447 2508 504 2539 See
534 2509 588 2539 the
619 2509 741 2540 Introd.
789 2510 841 2540 He

71 2564 178 2584 means
220 2553 291 2583 Sex.
329 2552 457 2582 Clodius
497 2552 558 2581 and
599 2552 770 2582 others.—‘
784 2563 840 2583 na-

71 2595 243 2628 tionibusz’
271 2596 325 2625 the
353 2595 506 2630 Sicilians,
537 2595 584 2624 for
609 2595 749 2625 instance
775 2595 840 2636 (Ad

71 2641 139 2671 Att.
156 2640 216 2669 xiv.
236 2638 354 2678 12).-⁴
368 2638 508 2667 recitavit
522 2637 541 2667 :’
564 2638 588 2667 it
605 2647 665 2667 was
680 2639 734 2668 the
751 2649 839 2678 prac-

73 2683 133 2713 tice
164 2682 211 2712 for
235 2692 253 2711 a
273 2680 421 2720 ‘praeco'
450 2684 483 2709 to
510 2681 583 2710 read
606 2681 661 2710 the
686 2682 839 2721 proposed

73 2727 140 2756 Lex
180 2735 215 2755 or
256 2723 455 2762 Rogati0.—-‘
469 2733 535 2752 rem
576 2723 733 2762 publicam
764 2734 839 2754 con-

71 2767 193 2799 tineri:'
227 2778 244 2797 a
270 2766 360 2796 usual
385 2766 576 2804 expression,
602 2766 701 2795 which
732 2777 839 2796 means

73 2812 134 2851 ‘by
149 2810 250 2840 which
275 2810 329 2839 the
356 2808 515 2838 condition
539 2808 573 2837 of
594 2809 648 2838 the
672 2809 759 2839 State
775 2820 837 2840 was

71 2854 153 2884 fixed
177 2864 213 2883 or
236 2851 443 2882 determined’
461 2850 600 2891 (Halm).
646 2851 758 2890 Comp.
778 2852 837 2882 Pro

70 2897 233 2931 Marcello,
246 2906 272 2925 c.
286 2896 316 2931 7,
330 2897 349 2911 “
364 2894 417 2934 qui
430 2903 492 2923 non
509 2893 661 2932 intelligat
671 2897 725 2923 tua
737 2895 836 2925 salute

70 2940 223 2970 contineri
247 2937 368 2969 suau1.”
421 2937 512 2967 After
535 2937 647 2976 having
666 2937 731 2966 said
749 2939 834 2977 ‘qur

883 2080 943 2111 bus
959 2080 1050 2119 latis:
1067 2082 1107 2111 he
1123 2091 1193 2121 says
1210 2085 1217 2099 ¹
1229 2081 1353 2122 iisque‚’
1366 2083 1424 2111 not
1437 2084 1444 2098 ‘
1456 2080 1657 2121 quibusque.’

884 2125 960 2154 This
977 2125 1096 2163 change
1118 2124 1198 2154 from
1220 2125 1275 2154 the
1292 2125 1420 2154 relative
1440 2127 1474 2154 to
1489 2125 1544 2154 the
1560 2125 1658 2153 direct

884 2167 964 2197 form
991 2177 1100 2197 occurs
1130 2168 1162 2197 in
1194 2167 1298 2198 Greek
1324 2168 1443 2197 writers
1470 2167 1547 2197 also.
1597 2167 1657 2197 We

885 2220 956 2249 may
986 2211 1072 2240 learn
1104 2211 1282 2250 something
1308 2210 1342 2240 of
1365 2211 1419 2240 the
1445 2220 1501 2240 use
1527 2210 1563 2240 of
1588 2210 1655 2239 lan-

884 2263 984 2292 guage
1006 2253 1086 2283 from
1116 2254 1171 2283 the
1203 2254 1306 2284 Greek
1335 2253 1396 2283 and
1429 2253 1532 2283 Latin.
1578 2253 1656 2282 This

884 2297 964 2326 form
989 2297 1026 2326 of
1051 2297 1233 2336 expression
1256 2297 1282 2326 is
1307 2296 1465 2336 generally
1493 2296 1594 2326 better
1622 2296 1656 2325 in

885 2349 943 2368 our
971 2339 1125 2378 language
1151 2340 1228 2369 than
1258 2339 1314 2369 the
1342 2339 1511 2379 repetition
1541 2339 1577 2369 of
1601 2339 1657 2369 the

884 2382 1012 2412 relative
1027 2382 1106 2412 after
1122 2384 1129 2398 ‘
1142 2381 1227 2411 and.'

930 2425 968 2455 de
998 2426 1047 2454 his
1078 2425 1197 2464 tamen]
1246 2424 1286 2460 V,
1302 2435 1329 2461 a,
1345 2435 1375 2463 g,
1392 2424 1412 2453 i.
1466 2424 1535 2454 The
1564 2424 1656 2454 other

886 2467 1015 2507 reading
1030 2468 1056 2497 is
1073 2470 1080 2484 ‘
1093 2468 1152 2497 iis!
1199 2470 1218 2484 “
1234 2468 1317 2497 Illud
1333 2477 1439 2497 verum
1452 2471 1501 2497 est
1516 2467 1555 2497 de
1578 2467 1654 2506 legi-

884 2510 952 2547 bus,
979 2510 1017 2540 de
1040 2510 1153 2550 quibus
1169 2521 1255 2540 nunc
1279 2511 1384 2550 ipsum
1409 2509 1518 2540 Cicero
1535 2510 1599 2549 agit
1622 2512 1655 2539 et

885 2563 966 2592 quae
992 2554 1094 2583 adhuc
1125 2553 1340 2593 promulgatae
1365 2556 1448 2590 sunt,
1482 2553 1654 2583 contrariae

884 2597 954 2626 illae
970 2596 1090 2635 legibus
1104 2597 1167 2635 jam
1185 2596 1281 2626 latis”
1300 2595 1438 2636 (Halm).

928 2642 1002 2669 ante
1032 2649 1126 2678 quam
1150 2639 1305 2678 scriptae]
1364 2639 1476 2678 Comp.
1513 2639 1593 2668 Phil.
1623 2648 1653 2668 v.

885 2692 910 2711 c.
925 2683 945 2712 3
963 2681 1158 2722 (Halm).—⁴
1170 2682 1319 2720 religione
1331 2681 1350 2711 :'
1375 2682 1416 2721 by
1431 2681 1486 2711 the
1509 2684 1516 2698 ‘
1529 2681 1652 2710 obnun-

884 2724 995 2754 tiatio!
1047 2725 1105 2754 See
1136 2725 1196 2754 Pro
1228 2725 1338 2761 Sestio,
1370 2735 1396 2754 c.
1427 2725 1475 2760 15,
1506 2723 1567 2752 and
1597 2723 1652 2752 the

883 2771 976 2804 note3
1000 2768 1062 2797 and
1076 2768 1155 2797 Phil.
1169 2768 1200 2797 ii.
1215 2777 1240 2797 c.
1258 2769 1364 2798 32.—‘
1378 2767 1470 2796 nimis
1488 2766 1617 2805 antiqua
1631 2766 1650 2795 ι’

883 2810 935 2840 old
951 2810 1123 2846 fashioned,
1140 2814 1196 2840 out
1217 2810 1252 2839 of
1271 2820 1335 2840 use.
1383 2810 1424 2839 So
1440 2809 1494 2838 the
1511 2809 1651 2839 Romans

882 2853 947 2882 said
973 2853 1136 2883 ‘homines
1159 2853 1296 2892 antiqui'
1320 2851 1395 2892 (Pro
1421 2851 1491 2881 Sex.
1525 2851 1649 2887 Roscio,

881 2905 905 2925 c.
938 2898 968 2931 9,
1007 2896 1068 2925 and
1109 2896 1163 2926 the
1202 2894 1303 2935 note),
1345 2894 1407 2924 and
1445 2894 1500 2924 the
1530 2894 1650 2925 Greeks

880 2938 1025 2978 ἀρχαῖοι.
