1816 3211
179 670 711 752 ORATIONUM
794 668 1506 744 PHILIPPICARUM

399 837 605 884 LIBER
641 835 1291 892 QUARTUSDECIMUS.

111 1181 144 1221 Ι.
181 1180 241 1229 S1,
260 1188 308 1220 ut
329 1194 381 1219 ex
401 1177 553 1219 litteris
575 1191 679 1232 quae
701 1174 904 1216 recitatae
922 1179 1033 1225 sunt,
1054 1180 1196 1231 patres
1211 1176 1448 1233 conscripti,
1467 1177 1655 1220 seelera.
1673 1204 1734 1239 ..21⁴²

51 1236 307 1288 tissimorum
340 1244 522 1285 hostium
555 1243 785 1283 exercitum
819 1255 987 1282 caesum
1023 1242 1242 1298 fusumque
1275 1242 1462 1297 cognovi,
1494 1244 1553 1285 sic
1586 1227 1669 1293 its's'‘

54 1312 162 1367 quod
192 1316 234 1352 et
257 1325 399 1351 omnes
420 1309 600 1349 maxime
622 1314 818 1362 optamus
849 1312 892 1347 et
924 1321 973 1346 ex
1007 1321 1055 1346 ea
1087 1307 1262 1348 victoria
1293 1301 1548 1480 quat
1578 1314 1645 1350 est

54 1381 327 1418 consecutum
363 1375 629 1423 arbitramur,
669 1373 722 1414 D.
762 1373 942 1414 Brutum
981 1387 1195 1426 egressum
1223 1374 1312 1428 jam
1348 1375 1380 1414 lv
1554 1389 1645 1415 esse

54 1442 355 1498 cognovissem,
394 1447 565 1495 propter
606 1438 724 1492 cujus
760 1438 991 1493 periculum
1028 1438 1081 1478 ad
1117 1453 1219 1495 saga
1252 1438 1376 1480 issem
1393 1454 1440 1487 is,
1472 1445 1646 1495 propter

55 1509 241 1563 ejusdem
264 1506 441 1547 salutem
464 1504 720 1545 redeundum
751 1504 804 1543 ad
836 1503 1056 1558 pristinum
1078 1503 1277 1544 vestitum
1305 1504 1393 1544 sine
1425 1505 1506 1545 ulla
1530 1505 1647 1545 dubi-

54 1574 216 1615 tatione
248 1585 474 1612 censerem.
537 1570 653 1610 Ante
690 1584 787 1609 vero
829 1583 953 1623 quam
986 1568 1040 1608 sit
1076 1583 1125 1608 ea
1160 1583 1226 1609 res
1259 1584 1382 1623 quam
1413 1570 1646 1611 avidissime

57 1638 204 1679 civitas
225 1640 446 1691 exspectat
468 1630 607 1684 allata,
632 1634 793 1674 laetitia
823 1634 903 1674 frui
934 1633 1038 1674 satis
1059 1638 1123 1673 est
1144 1634 1350 1674 maximae
1372 1635 1648 1689 praeclarissi-

55 1717 231 1756 maeque
255 1695 444 1755 pugnae:
478 1700 655 1740 reditum
677 1700 729 1739 ad
751 1699 949 1740 vestitum
971 1698 1188 1739 confectae
1205 1699 1402 1739 victoriae
1423 1705 1644 1740 reservate.

59 1767 276 1809 Confectio
298 1772 439 1806 autem
472 1765 596 1818 hujus
628 1765 722 1804 belli
754 1770 818 1805 est
850 1764 903 1803 D.
928 1763 1049 1803 Bruti
1073 1764 1195 1803 salus.
1261 1763 1376 1813 Quae
1409 1771 1550 1804 autem
1581 1769 1648 1805 est

58 1833 141 1873 ista
162 1830 373 1872 sententia
403 1835 451 1869 ut
482 1829 522 1868 in
554 1828 797 1868 hodiernum
821 1828 929 1868 diem
951 1827 1128 1868 vestitus
1159 1832 1357 1876 mutetur,
1382 1829 1528 1869 deinde
1556 1844 1648 1870 cras

60 1897 197 1952 sagati
229 1895 508 1951 prodeamus?
570 1893 658 1934 Nos
679 1909 775 1934 vero
798 1909 926 1948 quum
957 1893 1084 1933 semel
1114 1894 1167 1932 ad
1199 1908 1291 1933 eum
1315 1908 1437 1948 quem
1460 1895 1649 1949 cupimus

60 1967 337 2017 optamusque
358 1959 556 2000 vestitum
578 1958 837 2007 redierimus,
862 1958 903 1997 id
933 1972 1108 2010 agamus
1129 1962 1177 1998 ut
1204 1972 1298 1997 eum
1329 1957 1370 1997 in
1401 1964 1649 2013 perpetuum

59 2026 327 2067 retineamus.
391 2025 498 2064 Nam
522 2024 598 2063 hoc
622 2023 787 2078 quidem
810 2037 933 2077 quum
956 2027 1078 2076 turpe
1101 2028 1177 2070 est,
1201 2027 1288 2062 tum
1312 2037 1362 2063 ne
1385 2023 1463 2064 diis
1484 2024 1651 2079 quidem

60 2090 363 2132 immortalibus
384 2095 566 2143 gratum,
588 2089 640 2128 ab
671 2102 814 2128 eorum
845 2086 927 2127 aris
957 2087 1011 2126 ad
1043 2101 1146 2140 quas
1176 2088 1311 2141 togati
1342 2089 1566 2130 adierimus
1595 2090 1650 2130 ad

61 2171 162 2211 saga
197 2155 398 2195 sumenda
434 2153 659 2194 discedere.
721 2153 866 2207 Atque
901 2151 1199 2211 animadverto,
1230 2161 1374 2207 patres
1409 2154 1647 2209 conscripti,

61 2221 261 2276 quosdam
282 2219 379 2259 huic
410 2219 548 2259 favere
578 2217 824 2267 sententiae,
849 2232 1024 2272 quorum
1055 2232 1104 2257 ea
1134 2232 1251 2257 mens
1281 2217 1404 2272 idque
1435 2219 1652 2259 consilium

61 2291 127 2327 est
147 2292 207 2334 ut,
232 2299 356 2339 quum
381 2285 546 2324 videant
573 2283 917 2337 gloriosissimum
948 2282 1061 2322 illum
1090 2281 1144 2322 D.
1167 2282 1507 2341 Brutofuturum
1529 2283 1648 2333 diem,

65 2364 144 2405 quo
168 2350 232 2390 die
253 2354 425 2404 propter
446 2349 536 2402 ejus
558 2349 736 2389 salutem
759 2348 1002 2389 redierimus
1037 2346 1110 2402 [ad
1132 2348 1366 2401 vestitu1n],
1399 2349 1508 2389 hunc
1538 2347 1651 2403 [tan-

63 2415 175 2467 tum]
201 2414 238 2454 ei
268 2415 450 2454 fructum
482 2414 639 2468 eripere
663 2414 845 2469 cupiant,
868 2429 919 2454 ne
950 2413 1174 2454 memoriae
1209 2414 1528 2469 posteritatique
1559 2429 1652 2469 pro-

64 2482 189 2522 datur
219 2486 389 2534 propter
419 2479 541 2518 unius
576 2480 676 2519 civis
707 2479 935 2534 periculum
963 2479 1161 2533 populum
1196 2478 1433 2519 Romanum
1467 2480 1520 2519 ad
1551 2494 1653 2534 saga

63 2546 158 2594 isse,
191 2549 362 2599 propter
394 2544 580 2597 ejusdem
617 2544 795 2585 salutem
835 2544 993 2584 redisse
1026 2544 1079 2584 ad
1119 2549 1255 2598 togas.
1319 2545 1473 2585 Tollite
1513 2545 1648 2585 hanc:

109 2677 135 2706 l.
153 2674 676 2712 sceleratiss—imorum...coqnovi]
706 2674 831 2706 Quoted
878 2674 1090 2704 Mauritianus
1109 2674 1165 2704 has
1194 2675 1251 2704 ‘ad
1275 2674 1404 2713 togam‚’
1429 2675 1530 2704 which
1556 2675 1652 2704 Halm

62 2719 104 2758 by
121 2718 245 2748 Nonius
263 2716 446 2754 (Ferrarius,
467 2716 589 2753 Halm),
610 2716 665 2745 but
682 2717 756 2745 with
780 2718 834 2746 the
879 2718 953 2746 calls
969 2728 1007 2746 an
1025 2718 1256 2756 interpolation.
1305 2718 1335 2747 It
1352 2728 1452 2748 seems
1469 2718 1614 2747 doubtful
1630 2717 1657 2747 if

63 2761 214 2791 variation
247 2764 253 2776 ‘
265 2760 368 2789 fusum
400 2758 609 2797 caesumque,'
638 2768 697 2788 one
723 2759 758 2788 of
780 2760 835 2788 the
880 2760 989 2789 Cicero
1003 2762 1076 2789 used
1097 2764 1104 2776 ‘
1116 2761 1299 2790 redierimus
1312 2759 1319 2770 ¹
1333 2761 1465 2790 without
1482 2770 1567 2789 some
1584 2771 1653 2800 pre-

63 2808 146 2834 most
164 2812 309 2832 common
324 2801 400 2832 kind
416 2801 451 2830 of
469 2802 646 2837 variationS,
663 2801 718 2830 the
734 2806 834 2831 trans·
878 2803 1014 2841 position
1026 2803 1087 2832 and
1099 2813 1183 2832 noun
1191 2803 1461 2833 afterit.—‘hunc
1470 2803 1653 2842 [tantum];'

63 2847 202 2887 position
219 2846 254 2875 of
266 2849 327 2875 two
344 2844 454 2874 words.
883 2845 977 2874 Halm
995 2846 1068 2885 only
1086 2846 1162 2875 cites
1178 2847 1187 2875 i
1203 2856 1236 2875 as
1254 2846 1366 2884 having
1383 2850 1390 2863 ‘
1405 2846 1552 2876 tantum.’

112 2889 172 2929 [ad
186 2887 371 2927 vestitum]]
391 2887 413 2922 i,
430 2896 493 2917 om.
510 2896 528 2915 a
543 2885 589 2916 bt
607 2896 634 2916 v.
680 2885 748 2915 The
766 2886 833 2915 cod.
