1899 3227
184 190 239 229 84
498 184 677 226 ORAT.
711 184 831 225 PRO
867 183 930 224 M.
963 180 1193 224 CAELIO
1227 179 1360 222 OAP.
1392 181 1462 221 32.

183 299 373 342 muliebri
394 299 685 348 condonatum,
710 313 761 339 ne
786 297 932 338 eadem
962 295 1108 336 mulier
1139 309 1233 335 cum
1264 308 1340 334 suo
1371 293 1547 347 conjuge
1569 297 1613 334 et
1633 292 1777 341 fratre,

185 364 471 420 turpissimum
516 363 719 404 latronem
766 361 966 416 eripuisse
1006 365 1049 400 et
1093 358 1433 399 honestissimum
1471 357 1779 398 adolescentem

186 429 443 485 oppressisse
465 428 666 469 videatur.
729 426 850 477 Quod
876 439 1002 479 quum
1033 423 1157 477 hujus
1187 423 1304 463 vobis
1334 420 1655 462 adolescentiam
1685 435 1780 476 pro-

187 493 422 550 posueritis,
467 492 758 533 constituitote
801 489 955 543 [vobis]
996 493 1095 529 ante
1136 487 1277 528 oculos
1317 486 1445 527 etiam
1484 486 1607 540 hujus
1641 485 1781 526 miseri

188 563 462 606 senectutem,
484 557 553 611 qui
574 557 652 596 hoc
669 555 789 595 unico
806 554 890 594 filio
912 552 1072 603 nititur,
1096 552 1138 592 in
1160 552 1283 607 hujus
1303 566 1377 606 spe
1399 551 1634 606 requiescit,
1657 550 1782 603 hujus

189 624 310 664 unius
331 636 471 663 casum
493 619 772 675 pertimescit:
808 633 931 673 quem
947 632 1020 658 vos
1036 617 1264 672 supplicem
1281 621 1445 658 vestrae
1461 615 1779 665 misericordiae,

189 702 354 729 servum
393 685 630 741 potestatis,
665 685 876 738 abjectum
909 697 992 723 non
1027 687 1115 723 tam
1149 681 1202 722 ad
1237 682 1365 736 pedes
1399 695 1524 736 quam
1558 680 1613 721 ad
1647 693 1784 720 mores

190 766 418 806 sensusque
446 756 620 799 vestros,
642 750 705 790 vel
739 747 1026 789 recordatione
1056 751 1277 802 parentum
1307 750 1540 787 vestrorum
1571 745 1635 786 vel
1663 744 1784 785 liber-

191 832 309 858 orum
337 815 600 870 jucunditate
633 818 878 863 sustentate,
911 816 960 853 ut
995 811 1038 852 in
1072 811 1246 853 alterius
1273 811 1413 852 dolore
1445 811 1509 851 vel
1543 809 1692 865 pietati
1721 808 1787 850 vel

191 880 474 936 indulgentiae
494 885 659 921 vestrae
681 877 884 919 serviatis.
937 876 1091 925 Nolite,
1109 876 1287 931 judices,
1305 881 1380 917 aut
1401 875 1510 916 hunc
1527 875 1615 929 jam
1636 879 1786 915 natura

191 947 282 1002 ipsa
312 945 572 986 occidentem
592 944 694 985 velle
724 943 928 984 maturius
958 941 1169 996 exstingui
1191 941 1357 981 vulnere
1384 946 1522 982 vestro
1553 954 1678 995 quam
1708 953 1785 980 suo

191 1012 292 1061 fato,
309 1014 384 1051 aut
404 1010 513 1050 hunc
537 1024 644 1050 nunc
661 1008 838 1063 primum
854 1007 1156 1052 florescentem,
1173 1005 1339 1047 firmata
1355 1005 1444 1060 jam
1461 1005 1590 1060 stirpe
1605 1003 1784 1053 virtutis,

193 1081 409 1130 tamquam
441 1074 606 1115 turbine
640 1073 776 1128 aliquo
812 1076 887 1113 aut
917 1070 1056 1112 subita
1085 1075 1338 1125 tempestate
1368 1075 1618 1125 pervertere.
1679 1069 1786 1110 Gon-

194 1145 359 1181 servate
380 1138 544 1194 parenti
565 1139 706 1186 filium,
730 1141 946 1192 parentem
976 1135 1072 1185 filio,
1097 1149 1147 1175 ne
1169 1140 1243 1176 aut
1264 1140 1526 1176 senectutem
1542 1135 1631 1188 jam
1658 1148 1787 1189 prope

195 1206 459 1259 desperatam
490 1202 790 1256 contempsisse
820 1206 894 1241 aut
926 1199 1249 1241 adolescentiam
1279 1199 1444 1254 plenam
1472 1199 1560 1253 spei
1582 1199 1787 1240 maximae

194 1284 277 1309 non
307 1269 430 1309 modo
462 1282 542 1307 non
574 1267 736 1315 aluisse,
760 1266 833 1306 sed
867 1265 994 1306 etiam
1023 1263 1248 1318 perculisse
1281 1269 1406 1318 atque
1436 1263 1632 1304 afflixisse
1653 1264 1790 1304 videa-

194 1333 306 1374 mini.
369 1332 501 1384 Quem
523 1332 557 1372 si
577 1331 708 1380 nobis,
732 1331 767 1371 si
794 1330 892 1379 suis,
915 1329 951 1370 si
972 1328 1030 1370 rei
1053 1329 1243 1384 publicae
1268 1329 1537 1379 conservatis,
1560 1329 1788 1379 addictum,

196 1397 395 1443 deditum,
418 1395 669 1437 obstrictum
698 1394 815 1436 vobis
845 1409 895 1435 ac
924 1394 1064 1435 liberis
1094 1393 1245 1434 vestris
1274 1393 1498 1443 habebitis,
1525 1394 1791 1450 omniumque

195 1463 319 1517 hujus
339 1475 559 1502 nervorum
579 1475 627 1501 ac
648 1460 837 1501 laborum
859 1473 933 1500 vos
960 1458 1236 1515 potissimum,
1255 1459 1430 1514 judices,
1452 1459 1616 1501 fructus
1643 1460 1790 1502 uberes

196 1527 497 1581 diuturnosque
518 1525 707 1581 capietis.

202 1632 355 1663 woman's
370 1632 456 1663 lust.’
504 1632 568 1662 But
585 1632 800 1662 ‘condonatus
814 1631 821 1645 '
838 1631 864 1662 is
880 1641 975 1671 gene-

202 1675 279 1715 rally
306 1676 384 1705 used
408 1675 511 1705 where
533 1675 589 1705 the
612 1675 724 1705 notion
746 1675 782 1705 of
800 1675 976 1714 pardoning

203 1718 266 1748 and
281 1718 431 1757 excusing
446 1718 472 1748 is
493 1718 660 1757 expressed
683 1728 719 1748 or
738 1718 878 1757 implied,
894 1727 928 1747 as
943 1718 976 1747 in

204 1761 330 1798 Caesar,
347 1761 385 1791 B.
404 1761 443 1791 G.
466 1760 501 1800 (i.
525 1761 593 1801 20),
619 1761 818 1800 “praeterita
838 1770 871 1790 se
887 1760 975 1790 Divi-

203 1804 286 1833 tiaco
308 1804 397 1833 fratri
419 1803 597 1833 condonare
621 1803 786 1833 dicit.'’—‘
798 1803 930 1842 conjuge
945 1806 978 1833 et

204 1846 300 1876 fratre
313 1846 332 1876 :'
349 1847 405 1876 the
420 1847 472 1876 old
488 1846 595 1882 abuse,
607 1856 649 1876 an
663 1846 797 1876 allusion
813 1849 847 1876 to
862 1846 918 1876 the
933 1846 977 1875 al-

1069 1631 1161 1667 Quod
1183 1641 1278 1671 quum
1303 1631 1414 1672 hujus]
1464 1634 1484 1650 ‘⁴
1503 1632 1596 1668 Quod
1620 1642 1677 1672 pro
1701 1631 1791 1662 sed'’

1022 1673 1214 1713 (Manutius,
1232 1675 1303 1705 who
1318 1675 1415 1705 refers
1437 1678 1470 1705 to
1494 1675 1584 1705 three
1599 1685 1745 1715 passages
1760 1675 1794 1705 in

1020 1717 1077 1748 the
1091 1717 1225 1747 Verrine
1240 1717 1406 1758 orations).
1445 1718 1523 1748 This
1538 1718 1564 1748 is
1576 1718 1625 1748 his
1639 1718 1795 1749 favourite

1021 1760 1234 1799 explanation.
1299 1761 1365 1790 But
1395 1760 1498 1801 ‘quod
1515 1760 1523 1774 '
1550 1761 1577 1791 is
1607 1771 1625 1791 a
1653 1761 1794 1798 relative,

1021 1803 1143 1842 though
1172 1807 1229 1833 not
1257 1803 1335 1833 used
1360 1803 1395 1833 in
1422 1813 1480 1833 our
1506 1803 1651 1840 fashion3
1678 1804 1740 1834 and
1769 1804 1796 1834 it

1021 1847 1167 1885 occupies
1193 1846 1249 1876 the
1273 1847 1361 1886 place
1382 1846 1486 1876 which
1510 1846 1627 1876 ‘illud’
1650 1847 1796 1887 occupies

205 1889 295 1928 leged
318 1889 417 1919 incest
440 1889 474 1918 of
493 1889 549 1918 the
572 1889 701 1919 brother
716 1889 777 1918 and
792 1889 848 1919 the
864 1889 975 1924 sister;

206 1932 262 1962 the
277 1932 368 1962 sister
390 1932 417 1961 is
439 1932 495 1961 the
509 1930 650 1970 βοῶπις,
667 1932 722 1961 the
738 1932 828 1961 sister
843 1931 905 1961 and
921 1931 977 1961 the

206 1974 277 2005 wife
292 1975 328 2005 of
341 1975 375 2005 P.
393 1974 533 2011 Clodius,
550 1974 613 2004 like
630 1974 783 2005 Horace’s
798 1974 896 2011 Juno,

311 2044 330 2060 ‘¹
343 2042 485 2081 Conjuge
501 2051 551 2071 me
566 2041 585 2072 J
589 2042 654 2072 ovis
670 2045 703 2072 et
718 2041 859 2072 sorore.”

578 2084 699 2124 (Carm.
715 2085 758 2115 iii.
775 2086 806 2123 3,
821 2095 850 2115 v.
867 2084 933 2125 64.)

248 2144 484 2184 turpissimum]
533 2144 620 2174 Bake
648 2145 752 2174 writes
783 2147 790 2161 ‘
803 2147 835 2175 et
860 2145 976 2184 turpis-

207 2186 344 2223 simum‚'
361 2187 424 2216 and
441 2187 537 2217 Halm
553 2191 677 2227 accepts
688 2187 743 2218 the
758 2187 909 2218 addition.

1020 1888 1113 1918 when
1142 1889 1168 1918 it
1196 1889 1294 1919 refers
1324 1893 1358 1919 to
1395 1889 1575 1929 something
1604 1889 1707 1919 which
1739 1890 1796 1921 the

1020 1932 1126 1961 writer
1140 1932 1166 1961 is
1182 1932 1276 1971 going
1291 1935 1324 1962 to
1340 1932 1412 1962 add.
1460 1932 1518 1962 See
1533 1932 1605 1962 Vol.
1622 1932 1642 1962 i.
1661 1933 1772 1963 Index.

1063 1984 1188 2005 servum
1205 1975 1393 2014 potestatis]
1442 1975 1569 2005 Ernesti
1584 1975 1659 2006 calls
1674 1976 1700 2005 it
1715 1979 1723 1993 ‘
1737 1976 1796 2006 du-

1020 2017 1115 2052 rum,’
1132 2017 1190 2047 but
1212 2018 1252 2048 he
1267 2018 1384 2058 rightly
1401 2018 1543 2057 explains
1567 2018 1592 2048 it
1614 2028 1648 2048 as
1669 2019 1796 2059 equiva-

1021 2060 1089 2090 lent
1103 2064 1136 2090 to
1154 2063 1161 2077 ‘
1175 2061 1346 2090 obnoxium
1363 2061 1514 2100 potestati
1528 2061 1673 2091 vestrae!

1064 2104 1215 2144 alterius]
1256 2103 1389 2134 Abrami
1404 2104 1561 2144 proposed
1575 2107 1609 2134 to
1624 2104 1713 2135 write
1729 2106 1737 2121 ‘
1750 2104 1795 2134 al-

1019 2146 1192 2177 terum'usss
