1816 3211
171 682 702 757 ORATIONUM
793 682 1505 760 PHILIPPICARUM

505 851 712 897 LIBER
747 852 1179 900 UNDECIMUS.

95 1231 131 1272 I.
166 1231 340 1272 MAGNO
361 1231 402 1272 in
425 1231 578 1280 dolore,
601 1235 745 1286 patres
767 1231 1010 1287 conscripti,
1032 1231 1095 1273 vel
1115 1245 1303 1273 maerore
1333 1230 1488 1286 potius,
1512 1244 1635 1285 quem

34 1311 87 1337 ex
119 1297 275 1338 erudeli
296 1302 340 1338 et
363 1296 587 1338 miserabili
615 1301 748 1337 morte
773 1297 818 1338 O.
843 1297 1042 1337 Trebonii
1077 1297 1224 1352 optimi
1254 1297 1355 1337 civis
1388 1295 1634 1336 moderatis-

34 1362 207 1418 simique
235 1361 413 1402 hominis
444 1361 694 1416 accepimus,
726 1361 838 1402 inest
870 1367 1014 1403 tamen
1045 1361 1201 1417 aliquid
1232 1361 1341 1417 quod
1362 1361 1421 1402 rei
1443 1360 1634 1416 publicae

35 1427 298 1481 profuturum
333 1432 490 1481 putem.
555 1426 853 1481 Perspeximus
888 1427 997 1467 enim
1031 1432 1188 1482 quanta
1222 1427 1263 1467 in
1300 1427 1350 1467 iis
1383 1428 1452 1482 qui
1487 1431 1636 1467 contra

35 1492 214 1547 patriam
230 1492 434 1533 scelerata
453 1506 570 1532 arma
591 1497 790 1546 ceperunt
810 1492 967 1533 inesset
988 1492 1241 1533 immanitas.
1300 1493 1409 1532 Nam
1432 1492 1514 1532 duo
1533 1492 1636 1533 haec

36 1557 177 1612 capita
193 1563 294 1598 nata
307 1561 406 1597 sunt
419 1561 516 1611 post
529 1556 721 1597 homines
740 1561 864 1598 natos
883 1556 1128 1598 taeterrima
1144 1562 1188 1598 et
1203 1557 1485 1612 spurcissima,
1507 1556 1635 1598 Dola-

34 1622 142 1663 bella
159 1627 202 1663 et
216 1621 443 1670 Antonius,
467 1636 643 1676 quorum
664 1622 772 1663 alter
793 1622 931 1662 effecit
953 1622 1064 1676 quod
1085 1626 1267 1676 optarat,
1291 1622 1341 1662 de
1363 1622 1496 1663 altero
1518 1627 1635 1677 pate-

34 1687 194 1728 factum
215 1692 281 1728 est
302 1685 400 1741 quid
422 1686 645 1740 cogitaret.
681 1686 729 1726 L.
751 1686 884 1727 Cinna
901 1687 1092 1735 crudelis,
1112 1686 1157 1727 G.
1177 1686 1341 1727 Marius
1363 1687 1403 1727 in
1422 1687 1636 1727 iracundia

35 1763 317 1804 perseverans,
350 1748 398 1789 L.
424 1748 538 1788 Sulla
561 1748 795 1798 vehemens,
824 1763 958 1804 neque
988 1749 1112 1789 ullius
1146 1749 1294 1789 horum
1328 1749 1369 1788 in
1399 1749 1635 1790 ulciscendo

35 1814 245 1855 acerbitas
279 1827 501 1868 progressa
531 1813 643 1854 ultra
673 1818 851 1854 mortem
874 1818 969 1862 est3
1006 1828 1112 1868 quae
1143 1817 1284 1854 tamen
1306 1828 1440 1868 poena
1461 1814 1503 1853 in
1525 1814 1635 1854 cives

35 1879 158 1920 nimis
189 1878 368 1919 crudelis
393 1879 637 1932 putabatur.
701 1878 814 1920 Ecce
836 1878 913 1920 tibi
933 1879 1147 1933 geminum
1168 1878 1208 1919 in
1231 1879 1386 1920 scelere
1417 1893 1503 1933 par,
1534 1878 1635 1919 invi-

34 1943 223 1992 sitatum,
260 1943 508 1992 inauditum,
545 1942 690 1992 ferum,
730 1944 967 1984 barbarum.
1031 1943 1183 1998 Itaque
1218 1958 1392 1999 quorum
1428 1958 1635 1985 summum

34 2008 244 2064 quondam
275 2007 386 2048 inter
421 2007 536 2062 ipsos
569 2008 709 2048 odium
739 2009 974 2062 bellumque
1004 2008 1264 2056 meministis„
1288 2009 1456 2050 eosdem
1488 2014 1635 2063 postea

33 2072 234 2128 singulari
255 2071 367 2112 inter
387 2086 431 2112 se
453 2086 655 2112 consensu
673 2077 717 2113 et
737 2087 878 2113 amore
896 2072 1084 2114 devinxit
1104 2073 1435 2127 improbissimae
1457 2079 1633 2114 naturae

34 2143 78 2180 et
109 2137 377 2192 turpissimae
402 2136 511 2177 vitae
542 2136 786 2178 similitudo.
849 2137 964 2191 Ergo
999 2137 1039 2177 id
1073 2138 1184 2193 quod
1215 2138 1317 2178 fecit
1349 2138 1568 2178 Dolabella
1590 2138 1632 2178 in

33 2217 114 2259 quo
136 2202 285 2258 potuit,
308 2201 450 2242 multis
477 2201 587 2242 idem
617 2201 800 2241 minatur
834 2201 1061 2243 Antonius.
1125 2202 1210 2243 Sed
1232 2202 1298 2243 ille
1329 2217 1456 2257 quum
1488 2203 1631 2257 procul

33 2274 147 2310 esset
166 2282 191 2308 a
211 2266 450 2308 consulibus
482 2266 820 2320 exercitibusque

82 2391 109 2420 l.
134 2389 259 2429 dolore]
288 2389 417 2419 ‘dolore
440 2398 509 2418 sum
522 2387 530 2401 '
549 2388 600 2423 D;
624 2387 683 2417 but
700 2389 790 2416 ‘sum
803 2386 810 2400 ²

35 2433 131 2473 spoils
157 2433 213 2462 the
237 2435 394 2466 sentence,
418 2441 451 2461 as
473 2431 619 2461 Muretus
636 2430 810 2460 remarkcd.

34 2479 87 2498 -‘
102 2475 136 2506 C.
154 2474 303 2505 Trebonii
316 2473 334 2504 τ’
360 2475 449 2504 there
472 2475 498 2503 is
513 2484 531 2503 a
547 2473 639 2503 letter
656 2472 720 2512 (Ad
740 2473 810 2502 Div.

36 2519 89 2548 xii.
109 2518 161 2557 16)
178 2517 259 2547 from
277 2517 312 2547 C.
330 2517 505 2547 Trebonius
529 2520 562 2546 to
579 2517 699 2551 Cicero,
717 2515 809 2545 dated

36 2561 116 2591 from
140 2561 274 2594 Athens.
301 2564 334 2589 at
360 2559 414 2589 the
441 2559 501 2588 end
523 2559 559 2588 of
582 2559 657 2598 May
677 2568 739 2588 n.c.
758 2560 808 2593 44,

36 2604 126 2633 when
153 2603 329 2633 Trebonius
351 2612 412 2631 was
439 2612 479 2631 on
508 2602 555 2631 his
582 2612 647 2639 way
670 2605 702 2630 to
724 2602 809 2631 Asia.

35 2646 212 2677 Trebonius
229 2646 289 2674 had
311 2655 383 2674 scen
401 2644 540 2674 Civero's
555 2654 610 2673 son
627 2648 660 2673 at
676 2644 809 2680 Athens,

35 2689 96 2720 and
119 2689 179 2718 had
201 2688 318 2718 invited
346 2688 399 2717 the
422 2687 519 2726 youth
541 2690 574 2715 to
594 2687 661 2725 join
690 2687 752 2716 him
778 2687 809 2717 in

35 2732 120 2766 Asia,
138 2731 227 2761 when
245 2731 284 2760 he
300 2730 412 2760 should
429 2730 506 2759 have
523 2729 616 2759 taken
634 2730 810 2768 possession

36 2775 72 2805 of
85 2775 133 2804 his
148 2774 306 2814 province.

79 2817 224 2857 optarat]
253 2817 280 2845 V
307 2816 413 2852 Halm,
449 2817 456 2831 ⁴
472 2813 624 2854 optabat’
650 2815 805 2845 D.—‘in-

34 2860 197 2890 uisitatum
213 2859 231 2889 :'
258 2863 281 2890 t.
327 2859 396 2889 The
422 2858 513 2888 other
539 2858 632 2888 Mss.
661 2858 741 2887 cited
766 2858 807 2898 by

38 2903 134 2934 Halm
165 2903 244 2933 have
274 2901 503 2932 ‘inusitatum’
551 2901 702 2931 Graevius
731 2911 806 2932 eon-

851 2266 1007 2307 nostris
1038 2281 1171 2322 neque
1203 2267 1301 2307 dum
1323 2272 1513 2307 senatum
1536 2282 1631 2308 culn

853 2387 994 2427 jecturcd
1019 2388 1324 2424 tl1at‘invisitutus,’
1349 2393 1463 2418 ‘never
1478 2399 1552 2419 seen
1576 2389 1630 2419 bc·

856 2431 945 2466 forc‚'
960 2441 1021 2461 was
1038 2431 1092 2462 the
1108 2435 1177 2461 true
1193 2432 1331 2471 reading.
1369 2432 1438 2462 The
1454 2436 1515 2461 two
1529 2432 1630 2462 words

856 2484 908 2503 are
938 2475 1033 2513 easily
1063 2475 1273 2504 confounded.
1336 2475 1431 2505 Halm
1463 2485 1533 2515 says
1565 2479 1583 2492 ‘⁸
1597 2476 1629 2505 in

856 2516 934 2546 Livii
951 2517 990 2553 iv,
1009 2519 1068 2553 3:3;
1091 2528 1120 2552 v,
1148 2518 1196 2553 17.
1213 2520 1264 2549 35.
1284 2519 1336 2553 37.
1362 2521 1402 2548 45
1425 2518 1486 2548 and
1514 2528 1628 2553 xxxxv,

854 2562 895 2589 42
913 2561 1099 2590 inuisitatus
1123 2570 1186 2590 non
1208 2562 1382 2591 inusitatus
1405 2571 1441 2591 ex
1465 2561 1554 2591 could.
1571 2572 1628 2600 op-

855 2602 938 2632 timis
956 2603 1155 2633 scribendum
1172 2603 1254 2633 cst.”
1292 2604 1328 2633 ln
1348 2604 1424 2643 Livy
1441 2615 1469 2633 v.
1487 2606 1527 2639 37
1542 2605 1630 2634 there

855 2645 880 2674 is
898 2649 904 2661 ¹
919 2646 1077 2676 invisitato
1093 2651 1188 2686 atque
1205 2647 1345 2677 inaudito
1362 2648 1451 2676 hoste
1465 2646 1483 2682 ς’
1506 2647 1628 2685 though

854 2688 908 2718 tho
926 2699 1072 2719 common
1090 2694 1172 2719 texts
1188 2690 1266 2719 have
1283 2694 1289 2704 ¹
1304 2689 1476 2719 inusitato)

896 2742 1051 2762 summum
1067 2755 1074 2762 .
1093 2755 1100 2762 .
1119 2757 1126 2763 .
1141 2733 1265 2772 odium]
1300 2733 1358 2762 Sec
1374 2733 1495 2762 luti-od.
1510 2742 1539 2771 p.
1554 2734 1626 2761 455.

850 2778 902 2796 --·
916 2775 1168 2814 improbissimae
1182 2775 1201 2805 :'
1221 2776 1260 2810 V,
1287 2779 1294 2792 ⁴
1310 2776 1539 2814 impurissimum¹
1552 2774 1558 2784 '
1588 2775 1626 2803 l).

850 2821 903 2839 —‘
917 2818 1025 2858 procul
1038 2822 1120 2849 esset
1135 2818 1154 2848 ι’
1172 2819 1199 2848 V
1218 2818 1326 2855 Halm,
1345 2818 1473 2858 ‘procul
1486 2817 1624 2846 abesset·
