1816 3211
65 168 148 208 364
405 166 582 208 ORAT.
616 166 736 207 PRO
769 164 818 206 Τ.
853 162 1048 205 ΑΝΝΙΟ
1084 161 1325 203 MILONE

68 280 249 323 omnium
271 295 445 329 caussa,
480 281 591 335 quod
612 279 648 321 ei
671 283 786 320 certe
807 292 890 318 non
913 276 1196 318 confitendum
1217 276 1353 325 modo,
1371 291 1514 317 verum
1535 275 1662 318 etiam

67 346 406 402 praedicandum.
468 344 633 384 XXX.
667 343 839 383 Etenim
861 342 895 382 si
925 341 967 381 id
988 356 1071 381 non
1093 345 1232 395 negat,
1257 355 1309 380 ex
1332 355 1412 395 quo
1433 342 1533 381 nihil
1555 341 1664 396 petit

67 412 146 453 nisi
167 416 214 452 ut
235 411 490 465 ignoscatur,
515 409 729 450 dubitaret
750 408 791 447 id
823 406 957 456 fateri,
982 421 1034 446 ex
1063 420 1144 460 quo
1166 405 1293 447 etiam
1324 407 1506 460 praemia
1526 407 1661 446 laudis

68 482 209 518 essent
230 475 437 531 petenda?
499 474 591 514 Nisi
613 487 709 514 vero
729 471 895 527 gratius
926 475 1051 526 putat
1083 485 1175 511 esse
1197 470 1313 511 vobis
1341 471 1404 511 sui
1437 486 1480 511 se
1511 471 1662 526 capitis

69 557 192 598 quam
213 540 341 581 vestri
362 539 622 579 defensorem
651 537 791 587 fuisse,
825 551 950 591 quum
980 535 1227 590 praesertim
1255 535 1296 575 in
1318 549 1367 575 ea
1388 535 1657 585 confessione,

68 608 103 649 si
124 605 236 661 grati
257 619 347 645 esse
369 603 542 654 velletis,
567 603 747 643 honores
768 605 1060 656 assequeretur
1080 599 1370 655 amplissimos.
1434 599 1478 640 Si
1502 600 1662 640 factum

68 670 186 712 vobis
221 684 304 710 non
336 669 894 723 probaretur—quamquam
927 665 996 721 qui
1026 669 1197 720 poterat
1224 664 1334 705 salus
1365 679 1440 705 sua
1471 664 1665 719 cuiquam

68 800 298 851 cecidisset,
320 813 472 853 magno
498 798 635 839 animo
665 796 962 852 constantique
996 796 1164 837 cederet
1196 810 1250 836 ex
1282 795 1448 850 ingrata
1476 795 1663 835 civitate.

70 867 181 907 Nam
202 865 301 920 quid
329 869 442 905 esset
469 864 675 919 ingratius
707 877 831 918 quam
862 861 1011 903 laetari
1045 867 1221 911 ceteros,
1246 861 1388 916 lugere
1417 875 1513 901 eum
1533 860 1668 900 solum

69 936 242 988 propter
269 945 392 985 quem
424 929 552 970 ceteri
583 928 869 969 laetarentur?
932 926 1195 981 Quamquam
1226 926 1305 967 hoc
1336 926 1473 967 animo
1505 940 1668 980 semper

71 1011 216 1038 omnes
255 994 407 1035 fuimus
446 994 489 1034 in
524 993 684 1049 patriae
724 992 1011 1048 proditoribus
1045 991 1339 1047 opprimendis,
1375 996 1435 1041 ut,
1471 990 1669 1046 quoniam

70 1067 217 1103 nostra
247 1061 389 1100 futura
420 1063 533 1100 esset
562 1058 706 1114 gloria,
729 1057 957 1112 periculum
988 1071 1151 1112 quoque
1184 1060 1228 1097 et
1255 1056 1451 1096 invidiam
1479 1060 1667 1096 nostram

70 1132 328 1183 putaremus.
391 1124 500 1165 Nam
518 1139 621 1179 quae
637 1124 738 1164 mihi
760 1123 838 1178 ipsi
859 1123 1084 1163 tribuenda
1105 1122 1196 1162 laus
1214 1127 1339 1170 esset,
1358 1136 1482 1176 quum
1502 1126 1670 1162 tantum

71 1193 115 1233 in
135 1191 353 1232 consulatu
375 1204 467 1230 meo
488 1204 564 1244 pro
586 1189 702 1229 vobis
723 1203 772 1228 ac
795 1187 935 1228 liberis
951 1187 1103 1228 vestris
1124 1201 1252 1226 ausus
1274 1201 1419 1234 essem,
1439 1186 1474 1226 si
1496 1185 1538 1225 id
1559 1186 1671 1240 quod

73 1257 258 1298 conabar
281 1255 369 1295 sine
398 1253 588 1294 maximis
616 1252 955 1293 dimicationibus
982 1251 1087 1292 meis
1118 1265 1184 1291 me
1219 1265 1311 1291 esse
1344 1265 1542 1291 ausurum
1563 1250 1672 1291 arbi—

72 1322 235 1364 trarer?
297 1319 413 1371 Quae
446 1319 592 1359 mulier
624 1318 877 1358 sceleratum
913 1331 962 1358 ac
998 1316 1279 1371 perniciosum
1317 1316 1447 1357 civem
1481 1315 1671 1356 occidere

0 1397 24 1427 ἄ
46 1402 156 1452 anon
177 1386 363 1434 auderet,
386 1384 420 1424 si
452 1383 679 1439 periculum
710 1397 793 1423 non
823 1382 1022 1424 timeret?
1085 1381 1311 1436 Proposita
1331 1380 1495 1453 invidia,
1519 1384 1666 1430 morte,

0 1433 67 1507 ζ
73 1466 219 1508 poena,
251 1450 320 1505 qui
351 1450 479 1490 nihilo
514 1448 683 1504 segnius
714 1462 804 1488 rem
837 1447 1046 1503 publicam
1079 1446 1277 1495 defendit,
1312 1446 1348 1487 is
1381 1445 1441 1486 vir
1474 1459 1569 1486 vere
1598 1460 1673 1500 pu-

9 1523 54 1553 *x
74 1517 228 1559 tandus
249 1520 327 1556 est.
391 1514 542 1569 Populi
573 1513 684 1568 grati
710 1518 776 1554 est
802 1512 999 1568 praemiis
1027 1512 1193 1553 afficere
1218 1512 1323 1552 bene
1344 1511 1515 1552 meritos
1547 1511 1598 1551 de
1626 1525 1672 1551 re

74 1582 239 1638 publica
269 1581 410 1627 cives,
445 1579 521 1620 viri
551 1579 673 1619 fortis
705 1593 756 1619 ne
789 1577 1003 1633 suppliciis
1037 1577 1204 1632 quidem
1236 1576 1393 1617 moveri
1425 1581 1473 1616 ut
1507 1575 1674 1617 fortiter

74 1648 224 1689 fecisse
264 1645 493 1702 poeniteat.
576 1644 859 1697 Quamobrem
900 1647 1092 1684 uteretur
1132 1642 1277 1682 eadem
1318 1641 1581 1682 confessione
1622 1640 1672 1681 T.

77 1712 255 1758 Annius,
289 1725 371 1766 qua
403 1710 554 1759 Ahala,
591 1723 671 1764 qua
704 1708 869 1757 Nasica,
905 1723 987 1762 qua
1025 1706 1227 1762 Opimius,
1264 1721 1346 1761 qua
1385 1706 1558 1755 Marius,
1593 1719 1674 1759 qua

76 1782 242 1819 nosmet
273 1776 376 1831 ipsi;
413 1780 456 1816 et
488 1775 523 1814 si
558 1779 680 1828 grata
707 1772 941 1827 respublica
974 1777 1098 1821 esset,
1133 1771 1387 1818 laetaretur3
1422 1770 1457 1811 si
1493 1770 1671 1825 ingrata,

77 1848 218 1884 tamen
240 1841 281 1881 in
302 1839 417 1894 gravi
438 1839 606 1880 fortuna
627 1837 881 1878 conscientia
901 1851 977 1876 sua
998 1836 1216 1876 niteretur.

138 1907 221 1947 Sed
252 1906 375 1959 hujus
408 1903 596 1944 beneficii
629 1902 822 1957 gratiam,
847 1902 1020 1956 judices,
1050 1901 1219 1942 fortuna
1246 1899 1388 1955 populi
1422 1900 1601 1941 Romani
1633 1906 1676 1942 et

79 1976 219 2013 vestra
242 1970 420 2011 felicitas
441 1973 484 2008 et
506 1968 562 2008 dii
584 1967 843 2008 immortales
864 1966 942 2007 sibi
964 1966 1106 2006 deberi
1136 1970 1287 2020 putant
1305 1981 1313 2005 :
1349 1980 1425 2006 nec
1446 1980 1543 2006 vero
1565 1966 1674 2020 quis-

80 2051 205 2092 quam
225 2035 348 2076 aliter
369 2032 565 2075 arbitrari
586 2037 729 2086 potest
750 2032 828 2072 nisi
850 2031 920 2086 qui
941 2031 1096 2071 nullam
1117 2031 1200 2071 vim
1221 2044 1312 2070 esse
1335 2030 1452 2071 ducit
1473 2045 1675 2072 numenve

81 2103 276 2151 divinum,
301 2115 426 2155 quem
446 2113 581 2154 neque
602 2098 764 2153 imperii
785 2097 919 2138 nostri
950 2096 1206 2151 magnitudo,
1230 2110 1366 2150 neque
1398 2096 1459 2136 sol
1489 2095 1567 2146 ille,
1596 2111 1674 2137 nec

81 2167 184 2209 caeli
217 2166 513 2220 signorumque
546 2167 698 2213 motus,
733 2177 809 2203 nec
841 2161 1147 2203 vicissitudines
1179 2176 1318 2201 rerum
1350 2165 1477 2215 atque
1509 2161 1676 2202 ordines

80 2236 261 2280 movent,
283 2245 429 2285 neque,
462 2229 504 2269 id
537 2228 647 2283 quod
682 2227 908 2268 maximum
942 2231 1018 2276 est,
1053 2226 1259 2280 majorum
1295 2230 1536 2267 nostrorum
1569 2225 1677 2281 sapi-

81 2298 207 2345 entia,
231 2296 300 2352 qui
331 2310 460 2344 sacra,
493 2293 562 2348 qui
593 2292 877 2341 caerimonias,
911 2292 980 2346 qui
1007 2291 1193 2345 auspiCia
1221 2295 1265 2332 et
1301 2290 1381 2344 ipsi
1414 2290 1677 2331 sanctissime

84 2362 314 2410 coluerunt,
349 2365 391 2401 et
412 2358 532 2399 nobis
563 2359 649 2398 suis
684 2357 863 2412 posteris
898 2355 1184 2411 prodiderunt.
1261 2354 1452 2396 XXXI.
1485 2354 1580 2404 Est,
1612 2361 1678 2396 est

128 2516 179 2546 30.
215 2515 389 2553 Proposita
416 2512 553 2551 mvidia]
603 2511 678 2541 ‘He
705 2510 775 2540 who
801 2509 1048 2546 has‘Aha1a‚’
1063 2521 1082 2540 a
1098 2510 1186 2540 stock
1198 2509 1360 2540 character
1375 2509 1407 2539 in
1424 2509 1512 2539 these
1526 2508 1678 2546 orations,

85 2559 160 2598 only
196 2558 250 2587 the
288 2559 435 2596 prospect
466 2555 502 2584 of
529 2565 620 2593 envy‚
654 2553 759 2589 death,
796 2553 858 2583 and

85 2600 302 2641 punishment,
331 2599 394 2628 and
421 2600 473 2637 yet
498 2597 641 2626 slackens
668 2600 725 2626 not
750 2596 782 2625 in
812 2596 860 2625 his

85 2644 152 2674 zeal
172 2644 205 2673 in
229 2642 359 2672 defence
380 2640 415 2669 of
438 2640 491 2669 the
515 2640 613 2675 State,
638 2639 679 2668 he
699 2639 782 2678 truly
807 2639 860 2668 de-

86 2696 189 2717 serves
213 2685 267 2715 the
288 2693 379 2713 name
395 2683 431 2713 of
450 2693 469 2712 a
491 2681 587 2711 man.’
635 2681 719 2711 Such
746 2691 765 2710 a
789 2691 862 2710 man

85 2731 143 2760 has
160 2730 285 2758 Roman
302 2725 442 2760 ‘virtus,’
469 2725 614 2754 devotion
641 2727 674 2753 to
700 2724 755 2753 the
776 2734 862 2753 com-

87 2770 289 2805 mmwealth,
317 2769 393 2799 with
414 2778 454 2797 no
480 2767 562 2806 hope
583 2766 617 2796 of
638 2767 743 2806 profit.
791 2767 860 2796 The

87 2815 213 2854 highest
234 2814 335 2843 virtue
359 2812 393 2842 of
419 2810 576 2850 antiquity
602 2809 716 2839 looked
746 2808 795 2839 for
819 2819 860 2838 no

87 2857 216 2888 reward.

131 2901 240 2930 Ahala
255 2921 265 2930 .
283 2921 290 2929 .
309 2921 316 2929 .
332 2898 453 2928 nosmet
468 2895 545 2935 ipsi]
594 2894 646 2924 He
660 2893 770 2933 begins
785 2894 860 2924 with

902 2553 965 2583 and
981 2553 1136 2592 modestly
1152 2553 1229 2583 ends
1245 2552 1320 2582 with
1336 2552 1471 2582 himself.

938 2596 1098 2635 fortuna]
1148 2596 1206 2625 See
1222 2595 1334 2631 Index,
1351 2595 1413 2624 Vol
1428 2595 1471 2624 iii.
1517 2594 1586 2624 The
1602 2594 1679 2624 For-

906 2642 983 2668 tune
1017 2639 1052 2667 of
1079 2639 1190 2675 Rome,
1219 2638 1281 2667 and
1306 2638 1362 2667 the
1387 2637 1531 2667 Felicitas
1558 2637 1593 2666 of
1623 2637 1679 2666 the

908 2681 1054 2716 Romani,
1085 2681 1148 2711 and
1181 2681 1236 2710 the
1277 2680 1437 2710 immortal
1473 2679 1550 2719 gods
1585 2679 1677 2708 think

907 2724 976 2753 that
991 2724 1106 2753 thanks
1122 2733 1174 2753 are
1190 2723 1251 2752 due
1266 2726 1299 2752 to
1315 2723 1401 2752 them
1418 2722 1467 2752 for
1481 2722 1544 2751 this
1560 2721 1678 2751 service

905 2767 1015 2805 (hujus
1042 2766 1185 2796 beneficii
1211 2765 1370 2805 gratiam),
1388 2765 1489 2794 which
1515 2764 1594 2794 Milo
1622 2763 1678 2793 has

904 2809 1058 2839 rendered
1085 2813 1118 2839 to
1144 2809 1198 2839 the
1224 2809 1321 2838 State.
1367 2807 1447 2837 Milo
1473 2806 1544 2836 asks
1569 2806 1619 2836 for
1636 2816 1678 2836 no

904 2852 1033 2881 reward.

947 2895 1000 2925 31.
1023 2895 1096 2933 Est,
1113 2896 1158 2924 est
1168 2893 1333 2934 profecto]
1381 2891 1457 2921 This
1478 2901 1540 2921 was
1561 2901 1580 2921 a
1594 2891 1680 2931 topic
