1816 3211
73 155 155 195 240
490 150 667 195 ORAT‚
700 151 819 194 PRO
853 150 943 195 GN.
978 149 1249 193 PLANCIO

69 267 292 323 phssimus,
315 267 381 309 cui
415 265 518 308 nihil
547 272 613 308 est
648 267 758 322 quod
794 266 962 321 roganti
995 264 1167 306 concedi
1201 279 1286 305 non
1312 265 1408 319 jure
1438 265 1585 322 possit,
1616 265 1667 306 de

68 334 217 389 aliquo,
242 339 289 375 ut
311 333 428 382 dicis,
451 348 534 373 non
555 332 808 387 impetravit,
833 346 910 386 ego
932 345 1024 371 sum
1045 344 1250 384 arrogans
1271 331 1381 385 quod
1402 346 1467 372 me
1490 331 1666 372 valuisse

69 399 174 440 dico.
238 399 347 439 Nam
369 405 414 439 ut
436 398 631 438 omittam
652 397 763 447 illud,
788 397 899 451 quod
921 411 998 451 ego
1020 410 1096 450 pro
1128 410 1177 435 eo
1198 395 1439 435 laborabam
1460 397 1530 450 qui
1560 397 1669 438 vale-

69 465 144 505 bat
164 465 251 519 ipse
273 479 346 519 per
381 478 486 511 sese,
510 462 672 516 rogatio
706 462 796 516 ipsa
819 476 981 515 semper
1017 465 1083 501 est
1112 460 1429 515 gratiosissima,
1464 476 1570 516 quae
1601 466 1666 503 est

69 530 206 571 officio
229 527 548 570 necessitudinis
570 527 796 581 conjuncta
816 526 1011 567 maxime.
1073 525 1219 580 Neque
1241 525 1350 566 enim
1364 540 1442 580 ego
1464 525 1523 567 sic
1545 541 1668 581 roga-

68 596 163 636 bam
185 600 233 635 ut
253 599 397 649 petere
419 592 594 642 viderer,
618 591 715 646 quia
734 591 949 632 familiaris
970 595 1082 632 esset
1102 605 1233 639 meus,
1257 590 1357 645 quia
1378 591 1548 641 vicinus,
1573 591 1669 646 quia

68 661 206 714 hujus*
222 666 395 714 parente
417 673 582 713 semper
602 657 825 712 plurimum
846 671 981 697 essem
1001 671 1114 704 usus,
1137 655 1210 696 sed
1231 660 1279 696 ut
1301 655 1418 710 quasi
1440 656 1603 711 parenti
1625 662 1669 698 et

70 725 235 767 custodi
257 723 404 765 salutis
424 737 555 763 meae.
620 722 716 763 Non
737 721 929 777 potentia
951 735 1054 770 mea,
1074 721 1148 762 sed
1166 735 1317 761 caussa
1338 721 1566 776 rogationis
1587 721 1668 774 fuit

68 790 266 846 gratiosa.
328 788 462 829 Nemo
484 803 577 828 mea
598 787 867 828 restitutione
889 787 1072 828 laetatus
1094 791 1171 836 esa
1202 801 1324 827 nemo
1347 786 1500 841 injuria
1521 787 1667 834 doluit,

70 856 136 897 cui
168 870 252 896 non
284 855 408 909 hujus
442 854 484 894 in
517 865 582 893 me
613 852 898 894 misericordia
930 857 1052 907 grata
1089 851 1231 893 fuerit.
1295 851 1466 893 Etenim
1502 852 1537 892 si
1567 857 1668 892 ante

69 921 252 962 reditum
273 935 412 961 meum
435 918 510 959 Cn.
530 917 704 959 Plancio
727 933 771 959 se
792 918 914 972 vulgo
936 917 1012 958 viri
1033 916 1143 966 boni,
1168 931 1296 972 quum
1317 917 1384 958 hic
1407 917 1669 959 tribunatum

71 994 248 1042 peteret,
272 986 383 1026 ultro
415 984 657 1033 offerebant,
683 983 748 1024 cui
779 997 932 1023 nomen
962 997 1102 1023 meum
1122 982 1312 1023 absentis
1333 982 1482 1023 honori
1502 982 1663 1032 fuisset,

71 1052 109 1093 ei
130 1066 245 1092 meas
267 1050 499 1106 praesentis
520 1064 664 1104 preces
693 1063 778 1089 non
808 1053 932 1102 putas
960 1047 1192 1103 profuisse?
1253 1047 1325 1086 An
1350 1047 1670 1089 Minturnenses

71 1117 220 1166 coloni,
243 1116 354 1171 quod
377 1115 422 1156 C.
449 1114 635 1154 Marium
667 1129 689 1154 e
723 1113 830 1154 civili
850 1114 960 1154 ferro
992 1118 1119 1167 atque
1141 1127 1193 1152 ex
1214 1111 1350 1166 impiis
1371 1112 1565 1153 manibus
1586 1113 1667 1153 eri-

70 1186 263 1238 puerunt,
289 1180 401 1235 quod
433 1184 549 1221 tecto
583 1183 844 1232 receperunt,
882 1178 994 1233 quod
1026 1178 1186 1217 fessum
1220 1177 1357 1217 inedia,
1389 1177 1669 1232 fluctibusque

70 1251 328 1294 recrearunt,
352 1245 464 1299 quod
496 1243 695 1283 viaticum
732 1247 1050 1298 congesserunt,
1075 1242 1186 1297 quod
1217 1241 1428 1297 navigium
1450 1242 1669 1293 dederunt,

70 1313 181 1368 quod
204 1325 298 1351 eum
317 1310 575 1364 linquentem
595 1312 750 1348 terram
771 1322 864 1348 eam
885 1322 1011 1362 quam
1033 1311 1285 1358 servaverat,
1308 1307 1430 1355 votis,
1449 1307 1669 1357 ominibus,

73 1375 293 1433 [lacrimis]
317 1373 528 1430 prosecuti
549 1378 660 1424 sunt,
685 1377 859 1414 aeterna
872 1373 914 1412 in
930 1373 1054 1413 laude
1076 1377 1325 1421 versantur3
1363 1372 1538 1414 Plancio
1561 1373 1672 1428 quod

70 1458 137 1483 me
159 1442 223 1483 vel
259 1441 297 1482 vi
332 1440 510 1495 pulsum,
534 1439 598 1480 vel
633 1437 796 1479 ratione
829 1438 1050 1480 cedentem
1085 1437 1306 1493 receperit,
1341 1438 1510 1492 juverit,
1534 1444 1672 1480 custo-

72 1508 206 1557 dierit,
231 1506 295 1547 his
317 1512 360 1547 et
395 1504 559 1545 senatui
590 1504 828 1559 populoque
861 1503 1055 1544 Romano
1086 1508 1134 1544 ut
1165 1504 1369 1544 haberent
1391 1518 1516 1558 quem
1550 1504 1670 1544 redu-

72 1577 217 1614 cerent
257 1570 527 1621 conservarit,
570 1569 719 1610 honori
759 1569 867 1610 hanc
909 1569 1046 1618 fidem,
1089 1568 1429 1619 misericordiam,
1471 1568 1672 1610 virtutem

71 1638 200 1680 fuisse
222 1636 414 1678 miraris?

132 1703 219 1743 XI.
254 1702 374 1743 Vitia
395 1717 462 1742 me
484 1701 653 1743 hercule
677 1700 754 1742 On,
779 1700 944 1741 Plancii
977 1714 1044 1741 res
1066 1714 1139 1742 eae
1171 1701 1222 1741 de
1250 1700 1401 1755 quibus
1421 1699 1506 1740 dixi
1527 1704 1672 1755 tegere

73 1773 317 1824 potuerunt,
342 1782 393 1808 ne
415 1772 462 1808 tu
491 1766 534 1807 in
570 1782 620 1808 ea
649 1766 735 1808 vita
766 1767 817 1807 de
849 1781 932 1822 qua
957 1766 1047 1821 jam
1078 1766 1214 1807 dica-m
1249 1770 1316 1807 tot
1347 1770 1391 1807 et
1412 1769 1535 1806 tanta
1554 1766 1672 1818 adju-

73 1838 217 1874 menta
237 1833 332 1873 huic
353 1832 500 1873 honori
521 1832 649 1872 fuisse
670 1832 834 1873 mirere.
898 1831 982 1872 Hic
1004 1836 1070 1873 est
1091 1831 1211 1880 enim,
1230 1832 1301 1886 qui
1322 1831 1669 1882 adolescentulus,

74 1913 170 1940 cum
193 1898 247 1939 A.
271 1897 487 1951 Torquato
518 1897 734 1951 profectus
766 1897 810 1937 in
845 1896 1034 1938 Africam
1069 1897 1130 1939 sic
1165 1897 1218 1938 ab
1249 1897 1317 1938 illo
1349 1895 1592 1952 gravissimo
1629 1902 1673 1938 et

76 2029 164 2064 dum,
192 2028 241 2058 cui
265 2028 312 2058 vir
335 2030 401 2057 tam
427 2027 510 2057 bene
541 2026 580 2056 de
609 2036 643 2056 re
667 2036 699 2066 p.
723 2026 855 2056 meritus
902 2025 1020 2065 (xxxvi.
1036 2025 1088 2065 7):
1107 2025 1201 2054 “vim
1213 2027 1301 2054 tuam
1314 2026 1488 2064 praesentis
1500 2025 1670 2055 exercitus-

77 2071 336 2111 suffragaretur.''
382 2071 460 2101 This
478 2071 504 2100 is
527 2069 622 2099 abad
643 2069 802 2109 specimen
819 2068 855 2099 of
896 2078 957 2108 que
987 2069 1033 2098 tui
1064 2067 1231 2107 experiri.''
1279 2068 1424 2097 Plancius
1454 2077 1517 2097 was
1550 2078 1569 2097 a
1599 2078 1671 2097 can—

77 2116 132 2145 the
164 2115 267 2144 Schol.
296 2114 443 2144 Ambros.
488 2113 592 2144 There
612 2113 638 2142 is
659 2112 747 2142 often
769 2111 852 2151 good
897 2111 1001 2141 didate
1027 2111 1075 2140 for
1101 2111 1156 2140 the
1181 2110 1379 2149 tribuneship
1403 2111 1516 2149 during
1532 2109 1670 2140 Cicero’s

78 2162 194 2188 matter
210 2158 242 2187 in
259 2158 357 2187 them.
898 2155 987 2190 exile,
1004 2154 1067 2183 and
1091 2154 1126 2184 of
1149 2163 1258 2183 course
1283 2153 1323 2183 he
1349 2154 1497 2183 returned
1518 2156 1550 2183 to
1568 2153 1671 2183 Rome

120 2203 172 2231 vir
202 2199 431 2240 amplissimus]
481 2199 540 2229 Cn.
572 2198 751 2237 Pompeius,
782 2198 852 2227 who

79 2243 249 2274 canvassed
289 2242 538 2281 unsuccessfully
578 2241 628 2271 for
653 2241 691 2271 T.
715 2241 850 2280 Ampius

79 2287 199 2317 Balbus
237 2286 356 2324 (Schol.
385 2284 562 2319 Ambros.).
608 2284 685 2313 This
717 2294 778 2313 was
809 2293 850 2313 on

79 2330 133 2359 the
153 2330 296 2358 occasion
321 2329 356 2358 of
371 2328 506 2366 Ampius
532 2327 628 2366 being
649 2338 666 2356 a
687 2327 851 2357 candidate

79 2372 128 2402 for
154 2372 209 2401 the
233 2371 414 2410 aedileship‚
432 2371 529 2400 about
545 2370 619 2399 nine
635 2380 723 2408 years
746 2369 853 2399 before

79 2416 142 2445 this
181 2415 295 2453 speech
324 2424 387 2444 was
424 2413 580 2443 delivered
615 2412 852 2453 (Garatoni).—

81 2458 220 2497 ‘rogatio
255 2458 322 2496 ipsa
335 2457 353 2486 z'
398 2457 452 2486 the
484 2456 588 2486 schol.
618 2456 766 2485 Ambros.
797 2456 854 2485 has

80 2501 223 2540 ‘rogatio
247 2500 351 2536 haec3'
381 2500 440 2530 but
466 2499 575 2530 Cicero
601 2509 671 2538 says
697 2499 767 2528 that
797 2499 852 2528 the

80 2554 165 2574 mere
181 2543 369 2574 solicitation
385 2543 421 2572 of
437 2553 455 2572 a
471 2546 552 2577 vote,
570 2552 647 2572 even
662 2542 689 2571 if
709 2542 763 2572 the
779 2552 852 2572 can-

80 2597 184 2617 vasser
211 2586 250 2616 be
275 2590 332 2616 not
358 2596 376 2615 a
399 2596 474 2625 very
500 2589 588 2624 great
613 2595 795 2624 personage,
826 2585 852 2615 is

79 2640 153 2670 very
169 2630 310 2669 pleasing
332 2632 364 2659 to
386 2629 441 2658 the
464 2629 596 2658 electors
616 2628 679 2658 and
701 2628 803 2658 useful
818 2631 852 2658 to

79 2673 134 2703 the
150 2672 324 2702 candidate.

122 2725 235 2746 nomen
259 2725 362 2744 meum
382 2713 534 2753 absentis]
582 2713 726 2743 Wunder
748 2713 853 2753 places

84 2759 223 2798 [meum]
252 2758 284 2787 in
311 2757 366 2787 the
391 2757 506 2792 stocks,
532 2757 579 2786 for
601 2766 728 2786 reasons
752 2757 853 2786 which

80 2802 120 2832 he
135 2802 243 2832 thinks
259 2801 424 2831 sufficient.
470 2800 539 2829 The
555 2800 728 2829 connexion
746 2800 780 2829 of
800 2800 854 2829 the

80 2845 254 2884 possessive
281 2853 427 2884 pronoun
458 2843 534 2873 with
560 2853 578 2872 a
608 2842 693 2871 word
730 2843 763 2872 in
798 2842 854 2872 the

80 2888 216 2928 genitive
241 2888 268 2918 is
295 2897 452 2918 common.
500 2885 651 2917 Garatoni
673 2885 749 2915 cites
774 2885 853 2925 Livy

897 2197 978 2227 from
1005 2197 1054 2226 his
1078 2197 1226 2236 province
1251 2196 1358 2226 before
1383 2196 1492 2226 Cicero
1522 2196 1672 2225 returned

895 2241 976 2271 from
994 2240 1083 2269 exile.

937 2284 1181 2313 ,Minturnenses
1197 2305 1205 2312 .
1224 2304 1231 2312 .
1251 2305 1258 2312 .
1280 2282 1312 2312 C.
1330 2282 1494 2319 Marium]
1541 2281 1595 2311 An
1617 2281 1671 2311 old

896 2330 993 2365 story,
1011 2326 1112 2355 which
1129 2326 1184 2355 the
1204 2325 1314 2355 reader
1329 2325 1364 2355 of
1377 2324 1516 2354 Cicero’s
1532 2324 1671 2354 orations

897 2370 959 2399 will
986 2369 1025 2398 be
1051 2369 1165 2399 almost
1189 2369 1267 2398 tired
1295 2368 1330 2397 of
1351 2368 1426 2408 (Pro
1445 2367 1557 2404 Sestio,
1574 2377 1600 2397 c.
1616 2370 1670 2404 22,

898 2413 959 2443 and
991 2412 1047 2442 the
1076 2416 1171 2448 note3
1211 2412 1251 2441 In
1278 2411 1384 2441 Pison.
1409 2421 1435 2440 c.
1454 2412 1576 2450 19).—-‘
1590 2410 1671 2440 votis

899 2455 1047 2486 omnibus
1093 2455 1293 2494 lacrimisque
1305 2454 1325 2484 ε’
1386 2453 1424 2483 Τ.
1467 2454 1505 2483 Ε.
1551 2453 1669 2483 Baiter.

897 2499 1027 2537 Madvig
1052 2498 1157 2528 writes
1189 2498 1290 2527 ‘votis
1317 2497 1538 2536 ominibusque
1565 2499 1596 2525 et
1625 2495 1669 2525 la-

897 2541 1024 2572 crimis.'
1070 2541 1215 2570 Wunder
1232 2541 1289 2570 has
1306 2543 1313 2557 ‘
1325 2540 1406 2570 votis
1423 2538 1668 2579 ominibusque.'

897 2587 949 2607 —‘
963 2584 1115 2623 receperit
1128 2583 1147 2613 ε’
1172 2593 1223 2613 see
1239 2594 1265 2613 c.
1282 2585 1335 2614 41.

943 2629 991 2658 ll.
1021 2628 1109 2657 Vitia
1134 2649 1142 2657 .
1167 2651 1173 2657 .
1200 2649 1207 2656 .
1232 2636 1270 2656 ne
1287 2626 1338 2665 tu]
1385 2625 1463 2655 This
1475 2624 1556 2655 form
1572 2624 1608 2654 of
1620 2634 1672 2654 ex-

897 2671 1039 2710 pression
1057 2669 1113 2709 (ne
1127 2669 1177 2710 tu)
1194 2670 1220 2699 is
1235 2673 1293 2699 not
1308 2669 1453 2698 unusual.
1501 2673 1507 2684 ‘
1521 2667 1606 2697 Vitia
1619 2666 1626 2679 ’
1644 2667 1671 2696 is

898 2714 1036 2752 opposed
1052 2716 1085 2743 to
1103 2716 1109 2729 ¹
1123 2713 1155 2742 in
1173 2723 1208 2742 ea
1223 2711 1308 2747 vita‚'
1322 2714 1378 2741 &c.
1426 2711 1544 2740 ‘What
1560 2710 1575 2739 I
1592 2709 1672 2739 have

898 2757 964 2786 said
994 2756 1097 2795 might
1126 2755 1239 2785 indeed
1269 2755 1347 2784 have
1381 2756 1448 2784 cast
1476 2763 1495 2783 a
1525 2753 1672 2792 covering

898 2809 972 2829 over
989 2798 1144 2829 Plancius’
1170 2799 1260 2835 vices,
1284 2798 1311 2827 if
1329 2798 1370 2827 he
1392 2796 1455 2827 had
1469 2806 1541 2836 any,
1558 2795 1621 2826 and
1636 2805 1670 2825 so

897 2852 961 2882 you
976 2842 1056 2873 need
1071 2845 1129 2873 not
1143 2840 1292 2879 wonder,'
1311 2843 1368 2871 διο.
