1899 3227
784 165 920 207 GAP.
953 168 1109 207 8—10.
1691 174 1741 213 51

132 302 298 343 quoque
319 302 396 329 vos
424 302 616 328 caussam
637 290 787 342 putare
808 301 900 327 esse
916 287 1079 341 justam
1112 287 1247 328 alieno
1279 287 1412 330 dolori
1444 290 1582 344 potius
1612 306 1735 347 quam

130 361 293 394 vestrae
323 353 420 394 fidei
452 352 705 393 consulendi.
771 352 888 403 Quae
916 352 972 392 sit
994 353 1217 393 multitudo
1241 353 1281 392 in
1303 353 1405 402 foro,
1430 369 1537 409 quae
1566 370 1733 409 genera,

128 433 233 473 quae
266 419 419 466 studia,
445 432 549 473 quae
578 417 760 458 varietas
792 417 1005 457 hominum
1026 417 1190 459 videtis.
1254 417 1321 457 Ex
1351 418 1428 459 hac
1460 419 1578 474 copia
1609 435 1733 475 quam

125 483 281 524 multos
302 498 394 524 esse
414 483 686 531 arbitramini,
703 483 770 538 qui
789 483 1025 523 hominibus
1042 483 1300 537 potentibus,
1315 484 1529 538 gratiosis,
1550 485 1728 537 disertis,

124 563 251 602 quum
273 548 426 602 aliquid
455 563 525 589 eos
546 548 648 588 velle
673 548 944 595 arbitrentur,
977 548 1088 589 ultro
1111 562 1155 588 se
1178 548 1326 588 offerre
1357 549 1535 598 soleant,
1559 565 1729 605 operam

122 627 286 660 navare,
321 613 608 653 testimonium
641 613 851 666 polliceri?
914 613 1009 653 Hoc
1045 627 1096 653 ex
1132 627 1285 668 genere
1322 613 1356 653 si
1390 614 1459 668 qui
1492 630 1536 655 se
1569 615 1610 655 in
1646 616 1726 657 hoc

117 677 320 731 judicium
351 677 460 718 forte
490 677 757 732 projecerint,
782 677 1042 719 excluditote
1067 692 1211 718 eorum
1233 677 1521 732 cupiditatem,
1546 680 1722 734 judices,

120 742 326 797 sapientia
358 747 509 791 vestra,
542 748 590 783 ut
625 742 771 783 eodem
811 747 1001 797 tempore
1041 748 1085 783 et
1124 742 1249 796 hujus
1285 743 1409 783 saluti
1450 750 1492 785 et
1533 745 1724 800 religioni

118 814 284 848 vestrae
319 812 362 848 et
402 813 549 848 contra
589 807 840 861 periculosas
882 807 1095 847 hominum
1127 807 1342 862 potentias
1375 809 1603 849 conditioni
1636 825 1721 851 om-

117 872 230 913 nium
267 872 418 913 civium
465 872 694 928 providisse
741 872 974 913 videamini.
1068 872 1279 927 Equidem
1326 887 1398 913 vos
1436 874 1646 915 abducam
1695 891 1721 917 a

114 938 306 986 testibus,
341 952 473 992 neque
509 939 633 992 hujus
664 937 812 992 judicii
848 937 1082 986 veritatem,
1119 952 1225 992 quae
1258 938 1412 978 mutari
1446 939 1558 979 nullo
1594 941 1719 981 modo

111 1009 268 1057 potest,
297 1004 337 1044 in
369 1004 584 1045 voluntate
620 1005 794 1045 testium
831 1003 1024 1044 collocari
1056 1002 1202 1051 sinam,
1234 1017 1340 1058 quae
1373 1004 1566 1045 facillime
1601 1005 1715 1061 fingi,

110 1069 222 1110 nullo
257 1069 426 1124 negotio
461 1069 575 1110 flecti
610 1083 659 1110 ac
697 1067 935 1123 detorqueri
977 1073 1132 1123 potest.
1195 1068 1472 1123 Argumentis
1512 1084 1711 1124 agemus3

108 1134 239 1189 signis
261 1134 349 1175 luce
365 1134 476 1175 omni
494 1134 739 1175 clarioribus
761 1133 934 1174 crimina
955 1133 1200 1174 refellemus.

108 1213 203 1238 cum
224 1213 384 1249 caussa,
407 1199 516 1240 ratio
538 1214 630 1239 cum
652 1200 816 1240 ratione
838 1198 1057 1254 pugnabit.

167 1263 229 1303 X.
264 1263 413 1318 Itaque
435 1264 546 1303 illam
568 1269 729 1318 partem
751 1278 921 1304 caussae
943 1263 1062 1303 facile
1086 1264 1226 1318 patior
1246 1264 1432 1318 graviter
1452 1270 1496 1307 et
1516 1272 1665 1308 ornate
1686 1283 1711 1308 a

112 1327 173 1368 M.
198 1328 350 1369 Crasso
381 1333 630 1383 peroratam,
665 1329 716 1369 de
747 1328 1023 1369 seditionibus
1054 1327 1358 1383 Neapolitanis,
1382 1329 1433 1369 de
1462 1331 1709 1372 Alexandri-

106 1407 255 1432 norum
276 1392 507 1447 pulsatione
532 1393 778 1442 Puteolana,
799 1393 849 1433 de
871 1392 991 1433 bonis
1009 1392 1164 1433 Pallae.
1228 1393 1391 1433 Vellem
1414 1394 1572 1435 dictum
1595 1402 1708 1438 esset

104 1459 157 1498 ab
179 1458 324 1498 eodem
347 1458 474 1498 etiam
496 1459 546 1498 de
569 1458 717 1499 Dione.
782 1458 846 1499 De
878 1473 960 1513 quo
992 1458 1081 1512 ipso
1110 1464 1250 1499 tamen
1282 1459 1380 1514 quid
1406 1467 1471 1500 est
1494 1463 1604 1516 quod
1637 1477 1708 1503 ex-

103 1523 317 1577 spectetis,
342 1523 452 1578 quod
486 1523 520 1563 is
552 1523 621 1577 qui
643 1522 754 1572 fecit,
779 1528 853 1563 aut
888 1538 971 1563 non
1004 1523 1139 1573 timet,
1163 1528 1237 1564 aut
1268 1523 1395 1564 etiam
1426 1524 1611 1566 fatetur?
1641 1533 1708 1569 est

1265 1133 1350 1175 Res
1371 1149 1467 1175 cum
1487 1150 1544 1185 re,
1564 1150 1715 1178 caussa

145 1647 360 1677 testimonium
368 1646 534 1685 polliceri]
556 1646 684 1676 Rascals
696 1655 774 1675 were
784 1646 878 1685 ready

99 1692 133 1719 to
149 1699 246 1719 swear
260 1700 322 1728 any
333 1690 433 1729 thing,
450 1689 511 1719 and
522 1689 689 1728 impudent
699 1689 825 1728 enough
844 1694 877 1719 to

100 1732 178 1762 offer
194 1732 363 1772 (polliceri)
381 1732 462 1762 their
486 1733 628 1762 services.
674 1732 778 1762 These
805 1742 878 1762 men

98 1775 202 1805 would
218 1775 257 1805 be
285 1779 292 1792 ‘
306 1775 411 1815 cupidi
435 1775 553 1812 testes‚'
577 1775 710 1805 anxious
733 1779 766 1805 to
791 1785 879 1805 serve

97 1818 152 1848 the
169 1828 242 1848 men
258 1818 328 1848 who
345 1818 432 1848 hired
448 1818 535 1848 them
552 1818 686 1848 without
708 1818 815 1857 caring
830 1818 879 1848 for

96 1861 151 1890 the
167 1861 266 1891 truth.

139 1905 288 1943 reliyioni
310 1904 449 1943 vestrae]
477 1907 575 1944 ‘your
594 1902 692 1933 oath.’
740 1903 791 1933 He
817 1903 873 1934 has

96 1947 161 1976 said
197 1947 323 1986 already
357 1950 364 1964 ‘
379 1952 500 1977 vestrae
534 1947 685 1976 fidei.’—-‘
699 1946 873 1977 conditioni

95 1990 236 2019 omnium
252 1990 271 2019 :⁷
296 1990 351 2020 the
374 2000 520 2020 common
542 1990 587 2019 lot
610 1989 645 2020 of
665 1990 728 2026 all;
753 1989 794 2019 all
820 2000 872 2020 are

93 2032 124 2062 in
142 2032 259 2071 danger
271 2033 361 2062 when
377 2033 495 2063 knaves
511 2043 608 2062 swear
621 2033 742 2072 falsely,
756 2033 783 2062 if
795 2032 870 2072 they

93 2075 206 2105 should
223 2076 262 2105 be
278 2075 429 2106 believed.
738 2094 744 2100 ·

136 2119 360 2158 lzujvtsjudicii
376 2119 559 2158 veritatem]
586 2118 654 2148 The
671 2118 800 2148 ‘veritas
813 2117 821 2131 ’
838 2118 874 2148 of

91 2160 147 2191 the
163 2161 332 2200 ‘judicium
345 2161 352 2174 '
376 2162 401 2191 is
418 2162 473 2191 the
488 2162 552 2191 real
568 2161 646 2191 facts
663 2161 698 2190 of
716 2161 772 2191 the
788 2171 868 2197 case,

91 2204 192 2234 which
209 2208 325 2234 cannot
341 2203 381 2234 be
403 2204 555 2243 changed,
573 2208 684 2243 except
708 2214 753 2234 we
777 2204 869 2234 make

91 2246 145 2277 the
171 2247 249 2277 facts
273 2247 395 2286 depend
421 2257 461 2277 on
487 2247 570 2277 what
595 2247 677 2277 their
707 2248 869 2277 witnesses

91 2289 171 2319 shall
187 2300 252 2329 say,
268 2291 328 2320 and
343 2291 418 2330 they
434 2290 496 2320 will
519 2300 572 2329 say
589 2300 648 2329 any
662 2290 763 2328 thing.
813 2290 867 2319 In-

91 2332 178 2362 stead
208 2333 244 2363 of
278 2333 389 2372 taking
429 2333 484 2363 the
510 2332 682 2363 witnesscs’
707 2333 866 2368 evidence,

91 2374 199 2405 Cicero
224 2376 286 2406 will
309 2377 382 2406 take
406 2376 484 2406 facts
510 2377 611 2405 which
639 2386 691 2406 are
715 2379 772 2405 not
803 2376 865 2405 dis-

90 2418 199 2455 puted.
215 2418 277 2448 and
300 2423 357 2449 out
379 2419 414 2449 of
435 2420 524 2449 these
548 2419 587 2449 he
610 2419 672 2448 will
688 2419 793 2448 derive
817 2419 865 2448 his

89 2460 184 2498 proof
221 2461 427 2500 (argumentis
471 2461 626 2501 agemus).
669 2480 671 2483 ·
687 2462 864 2494 Quintilian

91 2502 133 2541 (v.
154 2503 206 2541 10)
222 2515 229 2532 z
247 2503 370 2543 ⁴⁴Ergo,
384 2515 480 2544 quum
493 2506 534 2535 sit
545 2510 766 2543 argumentum
784 2505 864 2534 ratio

88 2545 305 2583 probationem
331 2555 502 2585 praestans,
519 2558 581 2587 qua
597 2548 754 2587 colligitur
779 2547 863 2577 aliud

87 2597 143 2626 per
158 2588 254 2622 aliud,
278 2593 310 2618 et
333 2599 413 2628 quae
428 2591 512 2630 quod
535 2596 583 2620 est
605 2591 736 2620 dubium
754 2601 809 2630 per
831 2590 863 2620 id

87 2631 172 2670 quod
189 2631 319 2660 dubium
336 2641 398 2661 non
416 2637 463 2662 est
478 2635 654 2669 confirmat,
672 2644 799 2663 necesse
815 2637 864 2663 est

86 2683 154 2703 esse
169 2674 287 2714 aliquid
311 2674 342 2703 in
367 2684 476 2704 caussa
498 2676 581 2714 quod
599 2677 783 2715 probatione
799 2686 861 2706 non

84 2720 184 2755 egeat.
240 2717 366 2756 Alioqui
392 2717 469 2747 nihil
499 2718 558 2748 erit
587 2729 649 2758 quo
679 2719 860 2758 probemus

84 2759 144 2789 nisi
161 2760 255 2789 fuerit
271 2760 354 2799 quod
378 2764 434 2789 aut
456 2760 496 2789 sit
513 2770 619 2790 verum
636 2767 691 2791 aut
707 2762 860 2796 videatur,

82 2812 120 2832 ex
137 2812 200 2842 quo
216 2802 319 2833 dubiis
342 2803 421 2832 fides
444 2803 509 2832 fiat.
558 2803 617 2833 Pro
640 2805 732 2834 certis
755 2811 860 2834 aurem

81 2843 234 2875 habemus
245 2846 380 2885 primum
393 2856 472 2885 quae
480 2845 623 2875 sensibus
633 2847 860 2886 percipiuntur,

82 2890 118 2916 ut
148 2897 228 2928 quae
255 2889 408 2925 videmus,
447 2889 603 2925 audimus,
643 2889 747 2928 qualia
785 2893 860 2919 sunt

924 1646 1020 1685 Signa
1034 1657 1040 1675 :
1058 1646 1172 1676 deinde
1184 1655 1219 1676 ea
1236 1646 1268 1675 in
1285 1656 1364 1686 quae
1381 1648 1541 1677 communi
1557 1649 1705 1688 opinione

922 1699 1110 1719 consensum
1135 1688 1219 1718 est.'''
1267 1689 1305 1718 In
1333 1700 1358 1719 c.
1389 1693 1408 1721 9
1433 1690 1609 1723 Quintilian
1631 1703 1704 1732 pro-

923 1732 1011 1771 perly
1028 1732 1251 1771 distinguishes
1269 1732 1366 1771 Signa
1389 1733 1468 1762 from
1487 1735 1701 1773 Argumenta:

924 1778 943 1792 ‘⁶
959 1775 1064 1814 Signa,
1082 1776 1147 1805 sive
1159 1774 1337 1804 indubitata
1348 1775 1420 1810 sint,
1438 1786 1500 1805 non
1521 1782 1595 1807 sunt
1611 1789 1702 1818 argu-

922 1822 1040 1853 menta,
1058 1818 1140 1858 quia,
1153 1818 1206 1848 ubi
1222 1818 1275 1847 illa
1291 1823 1376 1854 sunt,
1393 1820 1536 1858 quaestio
1554 1830 1616 1850 non
1634 1828 1680 1851 est
1694 1833 1702 1859 ;

918 1866 1105 1900 argumento
1135 1864 1242 1890 autem
1270 1861 1329 1890 nisi
1367 1861 1399 1890 in
1437 1872 1470 1891 re
1501 1867 1700 1894 controversa

918 1903 1004 1933 locus
1020 1914 1088 1933 esse
1104 1913 1166 1933 non
1184 1908 1310 1943 potest:
1335 1904 1400 1934 sive
1423 1904 1527 1940 dubia,
1545 1916 1607 1936 non
1625 1911 1699 1937 sunt

917 1951 1112 1985 argumenta,
1145 1947 1198 1976 sed
1242 1947 1310 1986 ipsa
1340 1949 1534 1986 argumentis
1568 1950 1698 1989 egent.’'

918 1989 1094 2022 Quintilian
1113 1989 1155 2029 (v.
1175 1989 1227 2029 10)
1247 1990 1343 2019 refers
1367 1994 1400 2019 to
1412 1990 1592 2022 Aristorle’s
1612 1993 1697 2023 Rhe-

915 2033 994 2062 toric
1011 2033 1086 2070 (ii.),
1103 2032 1184 2067 who,
1202 2032 1241 2061 116
1258 2042 1339 2071 says,
1363 2035 1382 2049 ‘⁸
1396 2033 1634 2072 diligentissime
1650 2040 1698 2066 est

914 2079 1079 2105 exsecutus
1104 2075 1178 2115 quid
1206 2075 1318 2114 cuique
1344 2076 1388 2105 rei
1413 2081 1445 2105 et
1476 2077 1551 2115 quid
1582 2079 1696 2118 cuique

915 2118 1037 2147 homini
1053 2118 1151 2148 soleat
1174 2118 1325 2152 accidere,
1342 2122 1373 2148 ct
1390 2128 1468 2158 quas
1484 2129 1533 2148 res
1550 2130 1694 2161 quosque

914 2161 1058 2191 homines
1083 2161 1198 2201 quibus
1228 2160 1322 2190 rebus
1352 2168 1407 2190 aut
1434 2161 1615 2193 hominibus
1646 2165 1694 2194 vul

914 2204 1110 2234 conciliasset
1127 2204 1175 2234 vel
1191 2204 1358 2233 alienasset
1373 2204 1441 2243 ipsa
1457 2205 1604 2235 natura.”
1642 2206 1693 2237 He

913 2257 982 2286 says
999 2247 1137 2286 sensibly
1152 2247 1290 2285 enough,
1307 2247 1378 2276 that
1395 2248 1420 2276 it
1443 2247 1469 2276 is
1485 2251 1539 2277 too
1555 2249 1690 2286 tedicus,

912 2299 972 2329 nay
989 2290 1182 2330 impossible,
1196 2294 1229 2320 to
1244 2300 1284 2328 go
1301 2290 1439 2328 through
1455 2290 1496 2320 all
1514 2291 1602 2321 these
1619 2302 1690 2331 par-

911 2333 1048 2366 ticulars.
1065 2333 1127 2362 and
1144 2333 1183 2362 he
1198 2333 1286 2366 adds,
1303 2336 1486 2372 “praeterea
1503 2335 1640 2372 positum
1658 2336 1690 2365 111

910 2377 1070 2405 communi
1087 2377 1228 2405 omnium
1245 2376 1444 2405 intellectu.”
1487 2376 1589 2416 Every
1607 2378 1690 2417 body

909 2418 1018 2448 knows
1033 2419 1132 2448 them.
1190 2418 1259 2448 The
1276 2419 1372 2457 Signa
1386 2429 1438 2448 are
1454 2419 1509 2448 the
1525 2422 1643 2458 numia
1659 2421 1694 2450 ot'

909 2461 964 2491 the
981 2462 1111 2497 Greeks,
1128 2471 1162 2491 as
1179 2461 1354 2494 Quintilian
1365 2462 1509 2500 explains
1525 2462 1580 2492 the
1598 2470 1687 2497 term.

908 2505 970 2534 and
994 2505 1146 2534 Aris-totle
1169 2505 1201 2534 in
1225 2504 1274 2534 his
1299 2504 1450 2534 Rhetoric
1467 2505 1501 2544 (1.
1519 2515 1546 2535 6.
1564 2508 1598 2544 2)
1617 2516 1688 2536 uses

908 2547 963 2577 the
979 2547 1071 2578 word.

955 2591 1003 2620 10.
1029 2590 1068 2620 de
1091 2589 1211 2629 Dione]
1241 2590 1325 2619 Dion
1349 2599 1412 2619 was
1424 2591 1635 2620 assassinatcd
1654 2596 1686 2621 nt

908 2633 961 2662 the
986 2633 1169 2669 instigation
1194 2633 1228 2662 of
1251 2633 1336 2672 King
1360 2633 1557 2663 Ptolemaeus
1586 2634 1684 2672 (Dion

908 2678 960 2710 39,
992 2686 1018 2705 c.
1054 2675 1118 2714 1⁴).
1173 2675 1307 2711 Asicius,
1342 2685 1376 2704 as
1416 2686 1460 2705 we
1497 2677 1587 2709 infer.
1624 2686 1684 2705 was

906 2718 1041 2757 charged
1068 2718 1142 2748 with
1170 2718 1264 2757 being
1294 2728 1354 2747 one
1377 2719 1413 2747 of
1440 2719 1494 2748 the
1523 2719 1683 2751 assassins.

905 2761 966 2791 and
984 2761 1043 2791 had
1061 2761 1140 2791 been
1157 2761 1238 2790 tried
1255 2761 1316 2790 and
1335 2761 1560 2800 acquitted.—¹
1575 2770 1683 2788 caussa

905 2805 977 2843 plus
993 2804 1113 2843 profuit
1127 2804 1146 2833 :'
1171 2804 1221 2833 his
1238 2808 1245 2820 ⁴
1260 2814 1370 2833 caussa
1382 2803 1389 2815 ¹
1414 2804 1440 2832 is
1456 2803 1510 2832 the
1527 2803 1633 2830 men-its
1650 2802 1685 2830 of

905 2847 959 2876 the
974 2857 1054 2876 case.
1101 2847 1265 2876 Manutius
1281 2856 1352 2885 says
1376 2846 1414 2874 116
1437 2843 1596 2874 coufessed
1614 2844 1684 2873 that

904 2889 944 2919 he
960 2889 1013 2920 did
1028 2889 1064 2926 it,
1077 2889 1136 2920 but
1151 2899 1224 2929 says
1238 2889 1308 2919 that
1325 2888 1365 2918 he
1381 2887 1433 2917 did
1450 2887 1472 2916 it
1490 2891 1496 2902 ·
1508 2884 1601 2924 jure!
