1816 3211
107 196 190 240 674
326 194 507 237 ORAT.
540 193 1054 236 PHILIPPIOARUM
1092 193 1278 234 LIBER
1310 193 1450 236 XIII.

104 324 209 362 111115,
243 309 398 365 optime
428 309 618 365 proximo
649 308 754 350 civili
785 307 891 349 bello
922 307 973 348 de
1000 322 1045 348 re
1065 306 1233 362 publica
1262 306 1448 357 meritus,
1480 307 1533 348 ad
1553 321 1698 363 pacem

104 376 366 416 adhortatur.
430 375 592 414 Nullius
624 373 733 427 apud
758 387 835 421 me,
859 377 1003 426 patres
1034 371 1273 426 conscripti,
1306 371 1536 412 auctoritas
1565 373 1700 426 major

106 444 170 481 est
191 454 315 494 quam
339 440 401 480 M.
419 438 579 493 Lepidi,
601 438 664 478 vel
685 442 856 491 propter
877 437 1007 491 ipsius
1028 436 1226 477 virtutem
1249 436 1312 476 vel
1328 441 1500 491 propter
1520 436 1700 477 familiae

105 506 366 560 dignitatem.
428 504 650 544 Accedunt
690 502 836 542 eodem
875 501 1009 542 multa
1048 501 1212 556 privata
1246 515 1398 555 magna
1434 501 1525 555 ejus
1560 501 1601 541 in
1634 515 1700 541 me

104 571 266 619 merita,
300 584 394 610 mea
424 569 627 623 quaedam
658 567 794 608 officia
815 566 856 606 in
878 566 1004 606 illum.
1068 566 1306 606 Maximum
1326 580 1424 606 vero
1456 566 1547 620 ejus
1577 567 1700 607 bene-

103 635 244 676 ficium
265 649 448 684 numero,
473 633 584 689 quod
606 632 685 673 hoc
706 632 843 673 animo
866 631 907 671 in
929 646 1015 672 rem
1037 631 1247 686 publicam
1268 636 1344 681 est,
1365 646 1471 686 quae
1491 632 1593 672 mihi
1613 631 1701 673 vita

102 714 195 740 mea
215 714 380 754 semper
399 699 478 740 fuit
499 698 646 740 carior.
709 697 818 738 Nam
841 711 968 751 quum
999 697 1204 752 Magnum
1228 696 1486 751 Pompeium,
1524 697 1699 737 clarissi-

101 779 215 805 mum
243 765 565 813 adolescentem,
599 761 951 818 praestantissimi
972 761 1047 802 viri
1070 762 1210 811 filium,
1234 762 1489 802 auctoritate
1521 761 1700 802 adduxit

101 830 156 871 ad
176 844 333 885 pacem,
357 844 526 883 remque
548 828 757 883 publicam
778 827 867 867 sine
888 826 1014 866 armis
1043 826 1225 866 maximo
1247 826 1378 867 civilis
1399 826 1494 867 belli
1516 826 1697 881 periculo

101 894 304 945 liberavit,
329 899 421 935 tum
455 908 521 934 me
554 893 644 947 ejus
677 892 880 932 beneficio
913 891 1006 946 plus
1041 905 1165 945 quam
1200 905 1275 946 pro
1308 890 1413 931 virili
1445 895 1565 945 parte
1598 891 1698 931 obli-

101 964 249 1014 gatum
262 964 378 1014 puto.
412 959 563 1013 Itaque
585 963 627 999 et
647 958 826 998 honores
848 956 885 997 ei
902 956 1067 996 decrevi
1089 970 1193 1011 quos
1214 956 1332 1010 potui
1352 955 1640 1010 amplissimos,
1656 955 1698 995 in

102 1024 253 1079 quibus
281 1024 382 1064 mihi
402 1038 475 1064 vos
496 1023 598 1064 estis
618 1021 787 1071 assensi,
811 1035 886 1061 nec
908 1035 1103 1075 umquam
1124 1021 1175 1061 de
1196 1020 1265 1061 illo
1286 1025 1330 1062 et
1351 1035 1519 1075 sperare
1541 1020 1697 1075 optime

104 1094 149 1130 et
180 1089 293 1145 loqui
330 1088 489 1130 destiti.
552 1087 725 1142 Magnis
760 1091 804 1127 et
837 1085 980 1127 multis
1014 1085 1259 1140 pignoribus
1295 1086 1357 1126 M.
1391 1085 1595 1139 Lepidum
1629 1099 1697 1125 res

101 1154 267 1209 publica
306 1154 513 1208 illigatum
552 1157 683 1193 tenet.
746 1151 918 1191 Summa
963 1149 1160 1190 nobilitas
1201 1154 1279 1200 est,
1318 1164 1461 1190 omnes
1503 1149 1695 1198 honores,

99 1218 400 1273 amplissimum
432 1216 726 1266 sacerdotium,
759 1215 936 1271 plurima
967 1213 1082 1255 urbis
1113 1219 1358 1255 ornamenta
1389 1214 1530 1269 ipsius,
1555 1214 1698 1255 fratris

98 1284 385 1338 majorumque
415 1286 698 1331 monumenta,
731 1279 1024 1336 probatissima
1054 1294 1172 1327 uxor,
1196 1279 1448 1334 optatissimi
1478 1278 1606 1328 liberi,
1629 1293 1696 1320 res

97 1348 311 1389 familiaris
332 1362 459 1402 quum
480 1347 630 1401 ampla,
654 1350 746 1387 tum
767 1350 885 1386 casta
904 1359 928 1385 a
949 1359 1096 1386 cruore
1113 1344 1233 1385 civili.
1296 1344 1429 1385 Nemo
1450 1345 1503 1384 ab
1526 1358 1574 1385 eo
1596 1343 1696 1384 civis

99 1413 290 1463 violatus,
323 1413 444 1454 multi
465 1413 556 1467 ejus
576 1411 779 1452 beneficio
802 1415 846 1451 et
867 1409 1151 1450 misericordia
1180 1409 1359 1450 liberati.
1421 1408 1536 1449 Talis
1566 1408 1696 1464 igitur

99 1479 161 1519 vir
192 1482 235 1518 et
265 1476 366 1518 civis
401 1476 596 1531 opinione
626 1475 710 1516 labi
745 1479 896 1530 potest,
927 1474 1142 1515 voluntate
1172 1489 1198 1514 a
1227 1489 1272 1515 re
1299 1474 1463 1528 publica
1495 1473 1696 1514 dissidere

99 1541 210 1583 nullo
231 1547 355 1596 pacto
376 1546 532 1596 potest.
585 1541 743 1581 Pacem
764 1540 852 1580 vult
882 1539 944 1580 M.
971 1539 1170 1594 Lepidus.
1223 1539 1475 1587 P1·aeclare;
1510 1538 1545 1578 si
1565 1538 1695 1579 talem

98 1611 244 1662 potest
279 1607 439 1647 efficere
475 1606 640 1661 qualem
674 1619 808 1660 nuper
837 1604 986 1653 effecit,
1011 1618 1094 1658 qua
1121 1618 1223 1658 pace
1246 1603 1321 1645 On.
1346 1603 1535 1659 Pompeii
1565 1603 1695 1644 filium

99 1685 167 1712 res
187 1671 352 1726 publica
371 1670 546 1725 aspiciet
573 1683 730 1724 suoque
751 1669 844 1710 sinu
865 1668 1167 1722 complexuque
1198 1668 1383 1723 recipiet,
1406 1683 1540 1723 neque
1560 1668 1695 1708 solum

100 1737 227 1785 illum,
250 1737 325 1777 sed
347 1751 442 1777 cum
462 1736 531 1776 illo
552 1750 596 1776 se
617 1735 751 1790 ipsam
781 1734 860 1775 sibi
884 1734 1126 1775 restitutam
1158 1734 1339 1788 putabit.
1403 1734 1524 1774 Haec
1546 1747 1694 1773 caussa

99 1800 181 1842 fuit
202 1815 276 1841 cur
297 1799 578 1841 decerneretis
608 1804 795 1840 statuam
815 1798 858 1838 in
877 1797 1027 1839 rostris
1049 1812 1145 1838 cum
1175 1797 1445 1852 inscriptione
1465 1797 1693 1852 praeclara,

146 1895 304 1933 Maqnum
317 1893 521 1932 Pompeium]
571 1893 631 1923 See
646 1892 727 1922 Phil.
737 1902 767 1922 v.
786 1902 812 1922 c.
826 1893 876 1928 14,

102 1938 166 1968 and
181 1937 236 1967 the
248 1939 386 1967 11016.--6
400 1946 457 1975 pro
468 1936 550 1965 virili
562 1938 651 1975 parte
665 1935 684 1965 :’
702 1945 753 1965 see
765 1935 876 1972 Index,

104 1980 177 2010 Vol.
194 1980 215 2009 i.
233 1982 240 1996 ⁴
252 1979 359 2009 Virilis
374 1978 468 2018 pars.’

148 2024 282 2053 honores
312 2023 340 2051 ei
371 2021 511 2060 decrevi]
560 2020 632 2050 And
663 2021 704 2050 he
733 2030 795 2050 was
821 2022 879 2050 not

105 2066 192 2105 quite
207 2065 334 2104 pleased
350 2064 426 2093 with
443 2063 592 2103 Lepidus.
639 2063 690 2092 He
714 2072 784 2102 says
809 2063 842 2092 in
861 2073 880 2092 a

104 2109 198 2138 letter
212 2111 246 2137 to
263 2107 401 2146 Lepidus
418 2106 484 2146 (Ad
508 2106 581 2135 Div.
597 2116 629 2135 x.
646 2105 701 2145 27)
717 2118 723 2135 :
750 2108 769 2122 ‘⁴
785 2105 878 2138 Quod

102 2151 180 2181 mihi
192 2160 249 2190 pro
260 2159 384 2180 summa
392 2159 466 2188 erga
477 2152 508 2179 te
518 2148 737 2179 benevolentia
748 2158 880 2187 magnae

104 2204 196 2224 curae
211 2196 260 2223 est
280 2196 317 2222 ut
339 2203 434 2232 quam
450 2192 644 2231 amplissima
659 2191 810 2230 dignitate
827 2191 879 2228 sis,

103 2237 235 2267 moleste
254 2236 315 2266 tuli
337 2238 368 2265 te
389 2235 513 2265 senatui
536 2234 652 2274 gratias
679 2244 744 2264 non
769 2234 879 2273 egisse,

104 2290 201 2319 quum
223 2288 306 2308 esses
330 2278 369 2308 ab
395 2287 432 2308 eo
455 2278 566 2308 ordine
591 2280 721 2307 ornatus
748 2277 881 2307 summis

102 2319 310 2352 honoribus.’'

147 2365 335 2393 ornamenta
352 2385 359 2392 .
378 2384 386 2393 .
405 2385 412 2392 .
419 2363 562 2402 fratris]
610 2362 688 2392 This
711 2362 738 2392 is
755 2362 802 2392 M.
820 2361 880 2391 Le-

104 2406 208 2446 pidus'
233 2405 363 2435 brother
394 2405 431 2434 L.
459 2406 612 2435 Aemilius
644 2405 783 2441 Paullus,
810 2404 880 2434 who

103 2448 245 2488 repaired
277 2448 331 2477 the
369 2447 503 2477 Basilica
532 2448 652 2485 Fulvia,
681 2457 717 2477 or
746 2447 881 2477 Aemilia

104 2491 167 2522 and
192 2490 311 2525 Fulvia,
335 2500 369 2520 as
395 2490 420 2519 it
446 2491 473 2520 is
499 2500 585 2520 more
609 2490 757 2530 properly
781 2490 880 2520 called

106 2532 281 2574 (Plutarch,
309 2531 434 2568 Caesar,
459 2542 486 2562 c.
515 2532 583 2573 29),
613 2533 676 2563 and
702 2533 768 2563 also
798 2532 880 2562 built

103 2586 123 2607 a
160 2585 229 2606 new
266 2584 326 2604 one
365 2574 499 2612 (Cicero,
535 2576 586 2605 Ad
622 2575 691 2605 Att.
730 2575 771 2606 iv.
812 2574 878 2614 16).

106 2619 254 2658 (Becker,
281 2616 472 2653 Handbuch,
499 2619 569 2654 &c.,
594 2617 666 2647 Vol.
688 2618 709 2648 i.
736 2628 768 2657 p.
788 2617 878 2658 302.)

104 2662 209 2692 There
249 2669 302 2690 are
339 2668 426 2688 some
462 2660 602 2689 remarks
639 2661 673 2689 in
711 2661 880 2690 Drumann

105 2703 309 2745 (Geschichte
325 2702 434 2737 Roms,
455 2702 475 2731 i.
493 2712 524 2740 p.
541 2702 576 2741 5)
598 2712 639 2731 on
654 2703 709 2732 the
733 2713 825 2732 name
849 2702 884 2733 of

105 2747 170 2778 this
195 2745 324 2775 brother
350 2743 386 2773 of
406 2744 455 2774 M.
483 2744 632 2783 Lepidus.
679 2745 731 2775 He
755 2748 880 2785 accepts

106 2787 299 2820 Perizonius’
335 2786 513 2825 conjecture
538 2787 607 2816 that
636 2787 691 2816 the
716 2788 819 2817 father
848 2787 884 2817 of

105 2833 234 2863 Marcus
250 2830 312 2860 and
328 2830 456 2865 Lucius,
473 2829 542 2859 who
558 2838 620 2858 was
637 2829 746 2859 consul
763 2830 797 2859 in
814 2839 879 2860 13.c.

106 2875 158 2910 78,
176 2873 273 2904 called
289 2882 350 2903 one
365 2872 401 2902 of
422 2872 470 2901 his
486 2880 560 2901 sons
576 2871 714 2907 Paullus,
731 2871 811 2902 after
826 2872 881 2902 the

107 2915 285 2948 celebrated
313 2915 351 2946 L.
379 2914 533 2945 Aemilius
560 2913 697 2950 Paullus,
723 2914 777 2944 the
805 2924 878 2943 con-

920 1901 1034 1931 queror
1063 1890 1099 1921 of
1127 1891 1325 1921 Perseus.—‘
1339 1891 1560 1930 probatissima
1583 1901 1663 1922 uxor
1676 1891 1696 1921 :'

918 1935 973 1964 the
988 1933 1059 1963 wife
1075 1933 1110 1962 of
1123 1933 1171 1963 M.
1188 1933 1329 1973 Lepidus
1345 1943 1407 1963 was
1430 1934 1538 1970 Junia,
1555 1934 1647 1964 sister
1661 1934 1698 1964 of

919 1977 968 2007 M.
985 1977 1004 2007 J
1008 1976 1102 2006 unius
1118 1976 1236 2006 Brutus
1251 1976 1522 2015 Tyrannoctonos.

964 2020 1083 2049 Pacem
1098 2020 1167 2049 vult
1188 2020 1236 2048 M.
1254 2019 1413 2059 Lepidus]
1462 2019 1502 2049 In
1526 2019 1582 2049 the
1601 2019 1696 2050 letter

920 2064 953 2091 to
980 2061 1119 2101 Lepidus
1136 2061 1201 2101 (Ad
1228 2062 1302 2092 Div.
1326 2072 1356 2092 x.
1385 2061 1440 2102 27)
1467 2062 1576 2093 Cicero
1603 2072 1693 2102 says:

922 2107 941 2121 ‘⁴
955 2105 1042 2134 Pacis
1065 2104 1146 2134 inter
1167 2105 1248 2135 cives
1268 2105 1481 2135 conciliandae
1495 2108 1528 2135 te
1546 2106 1696 2144 cupidum

920 2157 988 2177 esse
1010 2148 1120 2178 laetor.
1165 2147 1246 2178 Eam
1273 2147 1299 2178 si
1324 2157 1343 2177 3
1367 2148 1516 2178 servitute
1546 2148 1695 2187 sejungis,

921 2190 1064 2220 consules
1088 2193 1121 2220 et
1144 2190 1189 2220 rei
1209 2190 1352 2230 publicae
1373 2193 1405 2220 et
1431 2191 1576 2230 dignitati
1599 2194 1694 2220 tuae:

922 2234 971 2263 sin
986 2234 1046 2263 ista
1068 2242 1129 2273 pax
1153 2233 1311 2272 perditum
1332 2233 1493 2263 hominem
1518 2233 1550 2263 in
1571 2243 1695 2272 posses-

922 2276 1043 2306 sionem
1073 2276 1333 2315 impotentissimi
1362 2275 1540 2306 dominatus
1570 2276 1695 2306 restitu-

922 2321 994 2348 tura
1009 2321 1067 2355 est,
1080 2319 1140 2349 hoc
1155 2319 1261 2348 animo
1274 2319 1351 2348 scito
1363 2328 1473 2349 omnes
1489 2318 1588 2358 [esse]
1604 2328 1696 2348 sanos

922 2364 958 2391 ut
988 2365 1122 2391 mortem
1152 2361 1295 2391 servituti
1323 2364 1527 2400 anteponant.
1583 2361 1696 2401 ltaque

922 2404 1095 2442 sapientius
1116 2413 1186 2433 meo
1206 2404 1332 2443 quidem
1354 2404 1472 2442 judicio
1493 2404 1598 2440 facies,
1615 2405 1641 2434 si
1663 2407 1695 2434 te

921 2447 954 2476 in
965 2447 1058 2477 istam
1073 2447 1319 2486 pacificationem
1332 2456 1395 2476 non
1411 2447 1604 2486 interpones,
1617 2456 1697 2486 quae

921 2499 1024 2529 neque
1051 2489 1172 2519 senatui
1198 2499 1301 2529 neque
1324 2489 1442 2529 populo
1466 2499 1523 2520 nec
1550 2490 1695 2529 cuiquam

921 2531 1006 2562 bono
1022 2531 1209 2571 probatur.’'

963 2577 1106 2605 statuam
1130 2575 1164 2604 in
1187 2574 1318 2614 rostris]
1369 2574 1428 2604 See
1452 2574 1533 2605 Phil.
1547 2585 1577 2604 v.
1599 2584 1626 2604 c.
1646 2575 1696 2610 15,

921 2617 1025 2647 where
1040 2617 1095 2647 the
1111 2620 1215 2648 statue
1230 2618 1256 2647 is
1273 2617 1466 2653 mentioued,
1482 2617 1541 2647 but
1562 2617 1618 2646 the
1640 2616 1696 2645 tri-

921 2660 1021 2699 umph
1045 2660 1071 2690 is
1096 2662 1163 2689 not.
1209 2660 1319 2691 Cicero
1343 2670 1400 2690 can
1425 2659 1537 2699 hardly
1553 2659 1612 2689 call
1634 2659 1698 2689 this

922 2705 1027 2732 statue
1066 2702 1209 2732 ‘absenti
1236 2701 1513 2742 triumphum.'——‘
1525 2702 1563 2732 L.
1589 2701 1698 2732 Aemi-

921 2745 964 2774 lio
979 2745 998 2775 :’
1025 2745 1163 2781 Paullus,
1180 2745 1235 2776 the
1247 2755 1423 2785 conqueror
1439 2744 1474 2774 of
1486 2745 1630 2780 Perseus,
1646 2744 1701 2773 the

921 2788 983 2817 last
998 2787 1075 2826 king
1096 2787 1132 2817 of
1153 2787 1352 2824 Macedonia,
1370 2796 1435 2817 13.c.
1456 2788 1580 2817 168.—⁴
1594 2786 1701 2816 Aemi-

921 2830 1005 2860 liano
1023 2830 1161 2869 Scipioni
1176 2829 1195 2860 :’
1219 2831 1274 2860 the
1299 2830 1452 2869 Younger
1472 2829 1650 2865 Africanus,
1666 2837 1701 2858 as

923 2873 964 2902 he
981 2873 1007 2903 is
1023 2872 1090 2902 also
1106 2872 1216 2903 called.
