1816 3211
147 161 230 204 576

300 158 487 212 ,ΟΒΑἹἊ
522 155 978 200 PIIILIPPICARU
993 156 1036 196 M
1074 154 1261 196 LIBER
1293 154 1582 208 QUINTUS.

146 274 305 329 paratis
336 274 377 315 in
407 274 519 315 illam
552 273 740 314 ultimam
765 271 945 312 Galliam
976 275 1198 325 penetrare
1228 268 1452 323 potuisset,
1474 275 1656 325 quantus
1685 270 1745 311 rei

146 340 336 394 publicae
357 345 492 380 terror
515 338 804 393 impenderet?
865 335 1109 384 Dubitaret,
1135 334 1272 384 credo,
1292 334 1416 375 homo
1437 335 1746 376 amentissimus

146 410 274 460 atque
296 406 336 445 in
359 405 549 446 omnibus
571 402 754 443 consiliis
775 415 975 455 praeceps
1004 405 1047 441 et
1075 399 1219 440 devius
1252 413 1335 439 non
1357 399 1490 439 solum
1513 414 1605 440 cum
1627 415 1746 441 exer-

149 470 237 511 citu
258 485 346 519 su0,
371 470 444 510 sed
473 469 600 509 etiam
624 482 720 507 cum
741 465 851 506 omni
881 464 1144 505 immanitate
1172 464 1391 504 barbariae
1422 463 1573 504 bellum
1595 464 1745 506 inferre

147 535 279 583 nobis,
303 540 349 576 ut
382 535 473 588 ejus
494 534 676 573 furorem
697 545 748 571 ne
771 530 945 585 Alpium
966 529 1130 584 quidem
1152 543 1270 569 muro
1292 529 1486 569 cohibere
1517 544 1745 583 possemus.

149 598 270 639 Haec
293 599 420 653 igitur
442 597 632 638 habenda
662 595 800 650 gratia
831 600 898 635 est
932 594 986 634 D.
1010 593 1146 634 Bruto
1170 594 1240 648 qui
1261 594 1388 643 illum,
1412 594 1595 634 nondum
1618 594 1746 635 inter-

147 664 286 719 posita
307 663 561 704 auctoritate
584 666 733 709 vestra,
754 675 829 701 suo
852 659 1025 700 consilio
1046 664 1174 714 atque
1191 659 1350 713 judicio
1367 674 1450 699 non
1467 664 1515 700 ut
1536 660 1746 700 consulem

147 729 319 784 recepit,
344 729 418 769 sed
439 733 488 769 ut
509 728 675 768 hostem
695 725 832 766 arcuit
859 724 1009 773 Gallia,
1032 739 1160 779 seque
1182 724 1364 764 obsideri
1389 739 1514 779 quam
1544 724 1652 765 hanc
1680 740 1746 769 ur-

147 795 241 835 bem
262 793 421 834 maluit.
485 793 658 833 Habeat
686 805 786 846 ergo
818 790 944 844 hujus
977 789 1087 830 tanti
1119 789 1221 830 facti
1254 796 1423 843 tamque
1457 789 1657 844 praeclari
1678 790 1747 830 de-

149 864 264 900 creto
300 863 438 899 vestro
479 852 769 898 testimonium
805 854 1131 908 sempiternum,
1179 854 1405 909 Galliaque,
1441 868 1547 909 quae
1583 868 1749 908 semper

148 924 362 980 praesidet
378 928 504 978 atque
525 921 740 977 praesedit
760 919 855 960 huic
873 919 1046 974 imperio
1068 918 1338 973 libertatique
1355 918 1579 969 communi,
1597 919 1748 960 merito

149 1003 326 1044 vereque
346 988 553 1038 laudetur,
578 987 689 1042 quod
720 1000 764 1027 se
794 999 973 1039 suasque
995 983 1104 1025 vires
1125 998 1209 1024 non
1230 983 1419 1035 tradidit,
1443 984 1518 1024 sed
1549 984 1749 1039 opposuit

150 1054 354 1096 Antonio.

210 1118 343 1160 XIV.
379 1119 524 1173 Atque
545 1118 673 1159 etiam
698 1117 761 1157 M.
782 1115 942 1171 Lepido
963 1130 1040 1170 pro
1058 1115 1149 1170 ejus
1166 1114 1347 1170 egregiis
1367 1114 1410 1154 in
1431 1129 1518 1154 rem
1539 1114 1749 1169 publicam

149 1185 310 1225 meritis
341 1184 626 1225 decernendos
659 1183 841 1222 honores
877 1195 1001 1235 quam
1033 1180 1312 1235 amplissimos
1348 1194 1512 1220 censeo.
1577 1180 1750 1235 Semper

150 1250 216 1290 ille
238 1250 436 1304 populum
459 1249 695 1289 Romanum
716 1247 893 1287 liberum
915 1245 1055 1295 voluit,
1081 1245 1388 1299 maximumque
1410 1244 1575 1299 signum
1597 1245 1665 1286 illo
1683 1246 1749 1286 die

151 1315 266 1355 dedit
287 1314 516 1355 voluntatis
544 1319 587 1355 et
615 1312 761 1367 judicii
794 1311 869 1360 sui,
899 1325 1026 1365 quum
1050 1310 1239 1351 Antonio
1262 1310 1453 1351 diadema
1476 1309 1645 1351 Caesari
1676 1311 1750 1351 im-

151 1384 331 1434 ponente
352 1394 396 1419 se
418 1379 572 1420 avertit
602 1378 844 1434 gemituque
873 1381 916 1417 et
947 1375 1158 1417 maestitia
1186 1375 1415 1416 declaravit
1446 1382 1648 1430 quantum
1678 1376 1750 1417 ha-

152 1447 270 1486 beret
291 1445 431 1485 odium
453 1444 679 1493 servitutis,
704 1458 826 1498 quam
859 1442 1058 1497 populum
1090 1441 1325 1482 Romanum
1359 1441 1535 1481 liberum
1563 1447 1747 1496 cuperet,

153 1525 276 1565 quam
305 1510 373 1551 illa
401 1525 506 1565 quae
534 1510 689 1551 tulerat
723 1515 959 1561 temporum
990 1507 1123 1562 magis
1155 1507 1409 1548 necessitate
1441 1521 1564 1561 quam
1590 1507 1750 1561 judicio

154 1577 333 1617 tulisset.
396 1577 565 1628 Quanta
586 1590 681 1616 vero
704 1575 739 1615 is
760 1574 1046 1615 moderatione
1069 1588 1167 1614 usus
1188 1573 1244 1614 sit
1272 1572 1314 1613 in
1345 1573 1413 1614 illo
1444 1578 1634 1627 tempore
1655 1572 1750 1612 civi-

153 1642 270 1691 tatis,
304 1642 416 1696 quod
448 1646 546 1696 post
574 1646 754 1681 mortem
789 1639 979 1680 Caesaris
1014 1643 1288 1679 consecutum
1320 1642 1398 1687 est,
1433 1637 1526 1692 quis
1557 1642 1749 1678 nostrum

155 1706 343 1747 oblivisci
382 1706 553 1760 potest?
617 1705 776 1758 Magna
810 1704 928 1752 haec,
970 1704 1045 1743 sed
1085 1703 1139 1743 ad
1174 1703 1335 1756 majora
1369 1707 1570 1756 properat
1602 1702 1748 1742 oratio.

157 1771 267 1823 Quid
297 1771 419 1820 enim,
445 1785 468 1810 ο
498 1770 554 1810 dii
589 1768 857 1817 immortales,
881 1767 1166 1808 admirabilius
1199 1767 1390 1808 omnibus
1420 1767 1627 1822 gentibus,
1651 1767 1750 1822 quid

156 1835 340 1890 optatius
361 1834 515 1889 populo
542 1834 732 1874 Romano
754 1833 945 1873 accidere
977 1832 1117 1887 potuit
1151 1846 1287 1886 quam,
1312 1846 1438 1886 quum
1459 1831 1611 1872 bellum
1633 1832 1749 1873 civile

156 1899 383 1940 maximum
425 1904 548 1949 esset,
587 1899 706 1952 cujus
746 1897 842 1938 belli
883 1897 1044 1938 exitum
1078 1911 1220 1937 omnes
1255 1896 1508 1947 timeremus,
1543 1897 1750 1951 sapientia.

157 1965 284 2005 etiam
315 1964 357 2004 id
389 1964 530 2019 potius
562 1962 775 2016 exstingui
808 1977 932 2017 quam
961 1962 1087 2002 armis
1120 1968 1164 2003 et
1198 1962 1308 2001 ferro
1335 1976 1423 2001 rem
1451 1961 1490 2001 in
1529 1962 1750 2002 discrimen

158 2030 396 2071 adducere&
457 2029 580 2081 Quod
620 2028 654 2068 si
696 2028 840 2068 eadem
876 2027 984 2067 ratio
1019 2026 1208 2068 Caesaris
1248 2026 1399 2067 fuisset
1433 2026 1475 2067 in
1510 2026 1578 2068 illo
1610 2032 1749 2069 taetro

977 2163 1127 2194 culiare.'’

1024 2207 1184 2246 Caesaris]
1232 2206 1302 2237 The
1345 2207 1500 2236 Dictator.
1547 2206 1599 2236 He
1632 2206 1751 2236 alludes

205 2167 253 2196 14.
278 2167 326 2195 M.
343 2165 484 2205 Lepido]
532 2164 601 2195 The
625 2174 780 2203 governor
796 2163 832 2194 of
856 2164 931 2194 His-

158 2210 252 2249 pania
279 2209 422 2245 Citerior,
448 2207 509 2238 and
537 2208 602 2237 also
623 2208 658 2237 of
683 2207 785 2237 Gallia
806 2207 931 2237 Narbo-

160 2253 329 2282 nensis—⁴
345 2251 485 2282 Antonio
501 2251 644 2280 diadema
656 2250 674 2280 :’
700 2251 930 2287 Introduction,

185 2318 191 2324 .
212 2296 283 2326 451.

160 2306 181 2335 p
204 2338 421 2367 modeyatione
452 2359 458 2366 .
477 2359 484 2366 .
503 2359 511 2366 .
544 2337 628 2374 quod
663 2339 739 2375 post
783 2336 933 2375 mortem]

163 2381 215 2410 He
253 2380 305 2409 did
341 2380 475 2418 nothing
522 2381 645 2417 against
682 2380 736 2409 the
773 2379 934 2415 assassins,

162 2423 283 2461 though
301 2423 324 2451 it
341 2432 440 2451 seems
461 2422 530 2451 that
555 2423 593 2451 he
621 2422 722 2461 might
743 2422 822 2451 have
844 2422 935 2458 done,

162 2467 189 2495 if
211 2466 250 2494 he
282 2465 376 2500 liked,
405 2475 439 2494 or
463 2465 489 2493 if
509 2465 668 2494 Antonius
696 2465 757 2494 had
783 2468 839 2494 not
865 2475 935 2503 per-

163 2508 279 2538 suaded
319 2508 383 2536 him
425 2511 458 2536 to
495 2507 574 2546 keep
609 2508 695 2546 quiet
732 2507 870 2547 (Introd.
902 2517 933 2546 p.

164 2553 225 2581 452
246 2573 252 2579 .

209 2550 325 2623 billum
347 2593 454 2628 civile]
504 2592 542 2621 In
568 2592 662 2631 Spain
687 2593 768 2622 after
793 2592 934 2623 Caesar’s

165 2636 269 2671 death,
288 2637 334 2664 for
352 2636 423 2664 Sex.
442 2635 610 2673 Pompeius
626 2646 687 2665 was
711 2636 776 2665 still
791 2636 935 2666 there.—

167 2683 174 2696 ‘
189 2679 341 2718 sapientia
363 2678 457 2706 etiam
473 2676 491 2706 :'
538 2679 614 2706 Ant.
642 2678 839 2716 Augustinus
862 2689 935 2718 pro-

165 2721 262 2762 posed
288 2720 441 2759 ‘sapienti
469 2719 634 2749 clementia
664 2722 790 2759 potius.1
840 2722 935 2751 Halm

167 2767 309 2804 suggests
339 2762 512 2802 ‘sapientia
539 2766 569 2791 et
596 2763 783 2792 elementia?
830 2764 937 2794 Ursini

166 2818 256 2846 says:
282 2807 345 2835 “in
358 2805 470 2844 Lepidi
486 2805 728 2834 numismatibus
744 2807 938 2836 Clementiae

166 2850 366 2881 simulacrum
384 2848 516 2878 incisum
534 2850 590 2881 est,
605 2847 757 2878 Aemiliae
773 2850 874 2887 gentis
890 2850 938 2879 vel

165 2894 271 2932 potius
298 2891 408 2931 Lepidi
431 2890 528 2930 ipsius
545 2889 677 2927 insigne,
695 2894 728 2919 ut
744 2892 866 2930 opinor,
884 2902 937 2931 pe-

976 2253 1008 2280 to
1036 2250 1089 2280 the
1114 2250 1249 2289 Spanish
1266 2260 1338 2285 war,
1355 2259 1420 2280 B.c.
1437 2252 1489 2284 45,
1506 2249 1538 2278 in
1554 2249 1656 2279 which
1675 2249 1748 2286 Cn.,

975 2303 1035 2323 one
1051 2293 1086 2322 of
1109 2293 1163 2322 the
1188 2303 1262 2322 sons
1283 2293 1317 2322 of
1341 2292 1399 2323 Cn.
1418 2293 1585 2331 Pompeius
1601 2292 1749 2331 MagnuS.

982 2336 1044 2366 lost
1071 2336 1118 2365 his
1139 2335 1192 2365 life
1209 2335 1304 2375 (Bell.
1324 2335 1417 2375 Hisp.
1435 2345 1461 2365 c.
1478 2335 1601 2375 39).—⁴
1615 2335 1716 2364 fraudi
1730 2334 1750 2364 ι’

982 2389 1034 2408 see
1064 2389 1090 2408 c.
1124 2380 1228 2408 12.-‘
1247 2378 1317 2408 Sex.
1353 2379 1538 2417 Pompeium
1553 2378 1572 2407 :'
1611 2378 1751 2417 Lepidus

981 2422 1042 2451 had
1060 2431 1147 2451 come
1171 2425 1204 2450 to
1225 2425 1321 2451 terms
1337 2421 1414 2450 with
1436 2421 1512 2450 him.
1560 2421 1673 2451 Sextus
1690 2431 1751 2451 was

980 2469 1014 2494 to
1030 2464 1070 2494 be
1084 2464 1224 2494 restored
1247 2464 1307 2493 and
1330 2463 1532 2494 indemnified
1549 2463 1596 2493 for
1611 2464 1665 2493 the
1687 2463 1752 2493 loss

980 2507 1016 2537 of
1038 2507 1086 2537 his
1115 2507 1246 2536 sather’s
1271 2511 1419 2546 property
1447 2506 1512 2546 (see
1537 2506 1616 2535 Phil.
1642 2507 1705 2536 xiii.
1723 2517 1750 2536 c.

980 2552 999 2580 4
1015 2550 1077 2579 and
1094 2551 1140 2587 5).
1191 2550 1316 2589 Appian
1343 2550 1396 2588 (B.
1414 2549 1449 2580 C.
1467 2550 1509 2579 iii.
1526 2549 1560 2589 4)
1589 2559 1659 2588 says
1683 2550 1751 2578 that

979 2593 1139 2622 Antonius
1166 2593 1319 2632 proposed
1345 2597 1378 2622 to
1404 2593 1459 2621 the
1486 2596 1594 2621 senate
1609 2596 1642 2621 to
1657 2592 1751 2621 recall

981 2636 1052 2665 Sex.
1072 2636 1239 2674 Pompeius
1262 2636 1344 2665 from
1374 2635 1480 2675 Spain,
1509 2635 1610 2664 where
1635 2634 1673 2664 he
1689 2644 1751 2664 was

981 2678 1045 2708 still
1072 2678 1210 2718 opposed
1236 2678 1278 2717 by
1298 2678 1352 2707 the
1373 2678 1515 2716 generals
1541 2677 1577 2707 of
1594 2678 1649 2707 the
1675 2677 1750 2706 Dic-

981 2721 1093 2751 tator's
1121 2725 1222 2760 party,
1239 2721 1301 2750 and
1317 2725 1350 2750 to
1374 2720 1549 2759 indemnify
1565 2720 1629 2749 him
1646 2723 1702 2748 out
1717 2719 1754 2748 of

982 2765 1036 2794 the
1061 2763 1251 2793 ‘aerarium’
1275 2764 1322 2793 for
1337 2763 1391 2793 the
1414 2764 1477 2793 loss
1499 2763 1535 2792 of
1553 2762 1601 2792 his
1621 2761 1750 2791 father’s

982 2812 1131 2846 property
1149 2807 1249 2836 which
1266 2807 1327 2835 had
1343 2806 1424 2835 been
1441 2803 1637 2836 confiscated.
1681 2804 1751 2834 The

983 2854 1113 2879 amount
1129 2849 1164 2878 of
1183 2850 1237 2879 the
1257 2849 1431 2887 indemnity
1447 2858 1508 2878 was
1533 2846 1599 2876 ‘bis
1615 2846 1749 2881 millies‚'

983 2902 1022 2922 an
1053 2901 1222 2922 cnormous
1253 2902 1335 2929 sum,
1366 2891 1461 2922 about
1489 2900 1508 2920 a
1537 2889 1659 2919 million
1689 2890 1750 2919 and
