1816 3211
659 144 795 186 GAP.
827 145 893 195 19,
919 146 986 185 20.
1541 148 1620 189 691

23 257 180 298 nullum
212 258 253 297 in
286 257 429 312 lingua
464 258 617 300 Latina
657 263 734 307 est,
772 257 814 298 id
849 262 1021 312 propter
1051 262 1168 299 tuam
1201 257 1380 298 divinam
1413 258 1618 313 pietatem

21 337 171 362 novum
206 323 383 363 inducis.
447 323 560 364 ‘Nec
594 322 797 363 Plancum
827 324 1016 378 prodere,
1049 322 1296 378 participem
1328 321 1622 364 consiliorum?

14 387 226 428 ‘Plancum
268 389 542 444 participem?
585 390 705 444 cujus
745 388 1024 429 memorabilis
1058 403 1106 428 ac
1148 389 1285 428 divina
1319 388 1449 428 virtus
1490 388 1622 429 lucem

20 453 142 493 affert
159 455 215 494 rei
235 455 559 509 publicae—nisi
581 455 688 495 forte
710 470 802 495 eum
824 454 1008 494 subsidio
1031 454 1108 494 tibi
1133 454 1269 494 venire
1291 453 1507 494 arbitraris
1528 468 1622 494 cum

21 518 260 559 fortissimis
296 519 539 574 legionibus,
583 520 766 561 maximo
807 520 997 574 equitatu
1037 519 1310 573 peditatuque
1349 518 1623 559 Gallorum—

22 583 184 638 quique,
225 584 302 624 nisi
334 590 433 625 ante
466 586 553 638 ejus
585 585 810 626 adventum
847 584 906 625 rei
940 584 1130 639 publicae
1164 598 1317 638 poenas
1348 584 1524 632 dederis,
1555 585 1622 625 ille

21 648 147 702 hujus
181 649 276 688 belli
313 649 418 689 feret
450 650 744 704 principatum.
807 649 1071 703 Quamquam
1105 650 1214 690 enim
1249 649 1381 703 prima
1415 648 1623 703 praesidia

20 713 189 754 utiliora
210 713 269 754 rei
289 713 480 768 publicae
501 719 612 762 sunt,
636 719 777 755 tamen
799 719 988 754 extrema
1008 719 1107 755 sunt
1127 714 1327 768 gratiora.
1391 713 1505 753 XX.
1539 713 1623 754 Sed

16 778 105 832 jam
126 793 171 819 se
192 778 350 833 colligit
372 784 415 820 et
435 779 488 819 ad
510 784 746 820 extremum
778 778 923 833 incipit
956 779 1251 833 philosophari.
1318 782 1327 799 ‘
1343 779 1387 819 Si
1410 794 1474 818 me
1496 779 1623 820 rectis

19 843 212 885 sensibus
233 848 400 884 euntem
423 844 477 884 dii
500 844 768 891 immortales,
791 849 840 884 ut
860 858 994 898 spero,
1009 844 1258 898 adjuverint,
1278 843 1413 883 vivam
1429 844 1619 885 libenter.

23 908 96 949 Sin
117 914 260 950 autem
273 923 339 949 me
354 909 465 949 aliud
484 909 618 950 fatum
632 913 786 959 manet,
812 909 1021 964 praecipio
1037 909 1191 963 gaudia
1213 908 1511 963 suppliciorum
1533 924 1622 950 ves-

19 977 193 1013 trorum.
256 973 446 1028 Namque
475 974 510 1014 si
538 974 637 1015 victi
671 973 917 1028 Pompeiani
936 980 1023 1014 tam
1051 974 1279 1015 insolentes
1310 979 1419 1022 sunt,
1445 975 1623 1015 victores

21 1039 164 1093 quales
184 1038 312 1079 futuri
334 1039 418 1079 sint
440 1054 513 1080 vos
534 1039 674 1094 potius
696 1038 994 1094 experiemini?
1058 1039 1299 1094 Praecipias
1327 1039 1424 1080 licet
1451 1040 1620 1095 gaudia,

21 1118 103 1143 non
126 1103 234 1144 enim
256 1104 331 1144 tibi
355 1119 449 1144 cum
473 1104 754 1159 Pompeianis,
780 1105 854 1145 sed
876 1119 971 1144 cum
992 1104 1187 1144 universa
1207 1120 1252 1145 re
1274 1105 1438 1159 publica
1470 1106 1621 1146 bellum

20 1174 99 1210 est.
147 1168 304 1209 Omnes
321 1175 363 1210 te
385 1169 452 1220 dii,
473 1170 660 1210 homines
677 1169 827 1210 summi
850 1169 971 1209 medii
995 1169 1136 1218 infimi,
1154 1169 1274 1218 cives,
1292 1170 1512 1224 peregrini,
1533 1170 1621 1221 viri,

19 1233 224 1284 mulieres,
249 1234 377 1279 liberi.
412 1235 517 1276 servi
548 1236 740 1276 oderunt.
803 1234 1019 1275 Sensimus
1050 1235 1127 1275 hoc
1158 1250 1288 1289 nuper
1318 1235 1422 1275 falso
1444 1235 1618 1282 nuntio;

19 1313 116 1339 vero
144 1300 383 1355 propediem
414 1300 655 1342 sentiemus.
705 1300 819 1351 Quae
841 1299 875 1339 si
898 1306 1036 1340 tecum
1059 1299 1146 1353 ipse
1168 1299 1402 1344 recolueris,
1427 1300 1622 1354 aequiore

19 1363 159 1404 animo
177 1371 219 1405 et
232 1366 388 1419 majore
410 1365 694 1406 consolatione
716 1364 902 1405 moriere.
953 1368 962 1385 ⁶
980 1364 1171 1418 Denique
1193 1379 1355 1404 summa
1371 1364 1517 1418 judicii
1539 1365 1620 1406 mei

20 1434 186 1484 spectat
210 1429 300 1478 huc,
325 1434 373 1471 ut
394 1444 582 1469 meorum
610 1429 784 1483 injurias
813 1429 919 1469 ferre
941 1429 1110 1483 possim,
1134 1429 1168 1469 si
1190 1435 1264 1470 aut
1285 1429 1470 1470 oblivisci
1493 1430 1621 1472 velint

20 1493 100 1549 ipsi
122 1493 280 1543 fecisse,
301 1500 373 1535 aut
395 1494 538 1534 ulcisci
561 1494 695 1549 parati
718 1498 817 1534 sunt
838 1508 920 1534 una
951 1493 1166 1534 nobiscum
1190 1493 1381 1535 Caesaris
1412 1495 1619 1536 mortem?

23 1558 120 1599 Hac
144 1558 320 1599 Antonii
353 1559 563 1600 sententia
596 1558 776 1614 cognita,
812 1558 1157 1600 dubitaturumne
1182 1558 1236 1598 A.
1261 1559 1450 1600 Hirtium
1477 1569 1552 1601 aut
1574 1560 1620 1601 C.

22 1623 204 1664 Pansam
234 1624 423 1664 consules
445 1624 602 1678 putatis
624 1624 722 1678 quin
743 1624 796 1664 ad
826 1623 1062 1665 Antonium
1084 1630 1315 1672 transeant,
1342 1624 1521 1665 Brutum
1549 1626 1620 1666 ob-

20 1688 197 1739 sideant,
238 1689 452 1729 Mutinam
480 1703 721 1743 expugnare
755 1688 959 1743 cupiant?
1019 1689 1128 1741 Quid
1158 1689 1208 1729 de
1239 1689 1378 1729 Pansa
1409 1695 1452 1730 et
1479 1690 1619 1731 Hirtio

18 1753 195 1808 loquor?
256 1752 422 1802 Caesar,
456 1752 657 1808 singulari
689 1753 850 1808 pietate
884 1753 1140 1801 adolescens,
1173 1753 1386 1807 poteritne
1409 1768 1454 1794 se
1476 1760 1619 1796 tenere

21 1818 119 1873 quin
143 1818 198 1859 D.
221 1818 345 1859 Bruti
366 1817 568 1873 sanguine
590 1832 747 1872 poenas
775 1817 934 1872 patrias
963 1818 1267 1873 persequatur?
1331 1817 1479 1873 Itaque
1513 1819 1619 1860 fece-

21 1888 120 1924 runt
159 1883 223 1924 uti
265 1883 329 1923 his
368 1883 521 1924 litteris
570 1882 691 1923 lectis
730 1883 784 1923 ad
825 1882 1080 1923 munitiones
1120 1883 1290 1938 propius
1339 1884 1616 1931 accederent;

841 2024 981 2054 venire:⁹
1019 2025 1155 2055 Plancus
1186 2025 1239 2054 did
1270 2026 1332 2056 this
1363 2037 1381 2056 a
1407 2026 1465 2056 few
1491 2026 1619 2056 months

841 2068 999 2149 aftgz-iqne
1027 2133 1034 2139 .
1053 2133 1060 2139 .
1079 2133 1086 2139 .
1114 2111 1182 2149 ille]
1221 2112 1308 2140 “ille
1341 2111 1456 2141 delevit
1492 2111 1618 2141 Ernesti

20 2026 110 2057 tabat
136 2025 296 2056 Antonio:

20 2079 144 2108 semper
160 2071 218 2099 hoc
233 2069 327 2099 verbo
340 2070 516 2107 piissimus.
555 2068 675 2098 Tamen
694 2067 796 2107 Caper

20 2112 73 2142 ille
112 2113 260 2149 magister
299 2112 434 2150 Augusti
466 2111 607 2141 Caesaris
644 2110 796 2140 laboravit

343 2027 402 2060 Τιι,
436 2026 490 2061 ait,
518 2028 608 2055 utere
637 2024 794 2064 (uterisf)

20 2155 296 2186 vehementissime
328 2160 360 2183 et
386 2155 425 2184 de
456 2154 608 2193 Epis-tulis
635 2154 795 2184 Ciceronis

22 2198 146 2237 collegit
166 2198 243 2228 haec
263 2197 367 2233 verba,
389 2198 442 2227 ubi
466 2198 587 2227 dixerat
604 2197 670 2235 ipse
687 2196 796 2226 Cicero

14 2242 193 2280 piissimus.
262 2241 357 2275 Scias,
397 2241 543 2280 quoniam
587 2239 796 2269 amaritudine

21 2283 177 2313 rhetorica
203 2284 262 2313 hoc
278 2284 304 2313 oi
321 2283 487 2322 objecerat,
511 2288 546 2312 ut
570 2283 707 2312 diceret:
734 2292 796 2311 non

15 2329 124 2365 potest
142 2336 205 2365 per
225 2336 333 2356 rerum
358 2330 502 2355 naturam
527 2326 586 2354 diei
604 2325 761 2363 piissimus
776 2323 796 2337 '¹

23 2368 163 2408 (Halm).
211 2369 378 2407 Pompeius
409 2369 557 2407 certainly
585 2368 637 2397 did
664 2371 720 2396 not
745 2370 797 2405 got

22 2411 86 2441 this
103 2411 267 2441 miserahlc
283 2412 434 2449 languuge
450 2415 506 2440 out
522 2411 557 2439 of
570 2411 632 2439 this
649 2410 780 2439 oration.

65 2455 224 2484 Plancum
253 2456 447 2493 participem
462 2454 493 2492 J]
543 2454 686 2483 Another
715 2456 795 2482 trea-

22 2496 153 2526 cherous
178 2497 288 2531 sellom
307 2497 376 2525 who
400 2496 544 2525 dcreived
563 2496 682 2526 Cicero.
727 2495 796 2525 'rue

21 2540 289 2578 correspondenee
307 2539 446 2569 between
457 2539 566 2569 Cicero
583 2539 643 2568 und
665 2538 796 2568 Plancus

20 2582 47 2612 is
59 2583 91 2612 in
108 2583 162 2612 the
178 2583 268 2612 tenth
286 2582 366 2611 book
380 2583 415 2611 ot'
428 2582 481 2611 the
495 2582 600 2611 letters
618 2581 681 2620 (Ad
696 2580 794 2620 Div.).

20 2625 90 2655 The
114 2626 208 2655 letter
232 2625 267 2654 of
290 2626 420 2654 Planeus
447 2628 492 2661 (x.
511 2626 578 2661 24).
596 2635 672 2653 even
690 2624 724 2653 of
742 2624 796 2653 the

22 2669 99 2702 27th
122 2669 157 2698 of
177 2668 262 2698 June
288 2668 367 2706 (ac.
391 2668 459 2706 43),
485 2677 607 2696 assurt-s
632 2667 741 2697 (lieero
764 2667 800 2696 of

22 2710 166 2741 Plancus'
207 2711 344 2749 ficlelity;
385 2710 442 2739 bnt
481 2710 526 2739 M.
561 2710 695 2748 Lepidus
734 2710 795 2739 had

19 2753 126 2792 joined
144 2754 312 2788 Antonius,
329 2753 389 2782 aud
410 2754 541 2782 Plancus
558 2763 619 2782 was
636 2753 666 2782 in
683 2763 701 2782 u.
716 2753 795 2782 diffi-

21 2797 87 2826 cult
113 2797 260 2836 position.
311 2797 360 2826 He
377 2800 459 2825 went
481 2805 554 2825 over
577 2800 610 2825 to
633 2795 686 2824 the
705 2796 796 2825 other

22 2839 88 2869 side
102 2851 109 2874 ;
134 2839 192 2869 but
208 2839 247 2869 he
264 2849 324 2869 was
341 2843 396 2869 not
413 2849 447 2869 so
464 2838 557 2868 much
581 2843 613 2868 to
637 2838 740 2868 blame
762 2848 796 2868 as

23 2881 227 2922 Lepidus—³
241 2882 302 2912 nisi
335 2882 415 2912 forte
452 2891 524 2911 eum
563 2881 703 2910 subsidio
740 2881 797 2910 tibi

841 2163 911 2182 cum
937 2153 984 2182 ed.
1004 2153 1146 2192 Gryph.;
1171 2157 1203 2182 at
1227 2164 1254 2183 v.
1282 2153 1419 2192 Madvig.
1436 2155 1474 2184 ad
1492 2155 1557 2184 Cie.
1579 2154 1618 2184 de

841 2197 916 2226 (iun.
935 2206 964 2234 p.
983 2197 1044 2230 742
1061 2196 1131 2235 sqf'
1150 2196 1292 2235 (Halm).

884 2241 935 2268 21).
957 2240 1122 2277 praecipio
1151 2239 1287 2278 qaurlia]
1316 2239 1477 2278 ‘Irejoiec
1500 2239 1540 2279 by
1561 2250 1616 2269 an-

841 2282 1005 2320 ticipation
1043 2292 1117 2311 over
1150 2291 1227 2320 your
1266 2282 1546 2320 punislunent.'—‘
1562 2293 1616 2312 vos

842 2325 946 2363 potius
961 2323 980 2353 :’
1013 2334 1075 2362 you
1106 2324 1142 2353 of
1169 2325 1222 2354 the
1252 2324 1416 2354 Caesariani
1449 2330 1550 2364 party,
1582 2335 1616 2354 as

843 2367 1006 2396 Manutius
1023 2377 1103 2406 says,
1121 2367 1168 2396 sor
1185 2368 1238 2397 the
1254 2368 1346 2397 letter
1362 2369 1386 2397 is
1399 2368 1566 2398 addressed
1583 2374 1616 2398 to

845 2410 966 2439 llil-lius
983 2411 1042 2439 aud
1061 2412 1187 2439 Caesar.

880 2454 992 2491 parati
1014 2454 1105 2489 sunt]
1159 2453 1251 2482 llulm
1277 2463 1347 2492 says
1368 2454 1437 2484 that
1455 2454 1502 2483 his·
1520 2454 1614 2483 MSS.

841 2495 919 2525 have
936 2499 943 2512 ⁴
958 2495 1054 2525 sunt.'
1102 2496 1210 2525 ‘Sint'
1239 2497 1264 2526 is
1288 2497 1341 2526 the.
1363 2507 1508 2526 onumen
1528 2498 1615 2526 reud-

841 2538 903 2577 ing.
949 2539 1018 2567 The
1033 2539 1152 2577 change
1169 2539 1246 2568 from
1264 2540 1318 2569 the
1334 2540 1531 2578 subjunctive
1549 2547 1615 2568 *ve-

841 2580 922 2615 lint.'
940 2585 973 2611 to
991 2581 1044 2611 the
1061 2582 1225 2611 indicative
1239 2586 1245 2598 ⁴
1259 2583 1355 2619 sunt‚'
1373 2584 1398 2612 is
1412 2590 1463 2612 not
1483 2583 1616 2612 unusuul

841 2624 871 2653 iu
901 2624 978 2653 such
1009 2629 1182 2658 sentences
1213 2625 1239 2654 if
1274 2636 1318 2654 we.
1350 2636 1419 2665 may
1451 2630 1531 2654 n-ust
1563 2626 1616 2654 thu

842 2667 957 2702 MSS.;
982 2668 1042 2697 and
1070 2678 1088 2697 a
1112 2668 1293 2697 distinction
1321 2679 1390 2708 may
1410 2669 1447 2697 be
1473 2667 1562 2696 nuidc
1584 2669 1615 2696 in

840 2710 895 2739 the
912 2711 1057 2747 meaning
1073 2711 1106 2739 of
1119 2711 1195 2740 eiu-h
1212 2711 1325 2740 elause.

884 2753 1147 2783 ‹latisana-mnne
1163 2755 1203 2783 A.
1225 2754 1371 2783 Hzrlinm
1389 2753 1460 2791 aral]
1503 2756 1509 2768 ¹
1525 2751 1614 2781 dubi-

840 2798 1001 2825 taturosne
1025 2797 1063 2826 A.
1094 2797 1231 2825 Hirtium
1248 2796 1254 2808 '
1279 2797 1298 2825 i.
1346 2797 1404 2824 Seo
1432 2796 1490 2824 Pro
1518 2795 1615 2829 Sulla.

841 2848 867 2868 c.
886 2842 914 2872 2.
933 2843 1007 2868 note
1023 2849 1064 2868 ou
1082 2843 1089 2855 ⁴
1101 2838 1267 2869 dubitares

884 2881 1154 2921 Itaquefecerunt
1173 2904 1179 2910 .
1198 2904 1206 2911 .
1224 2904 1231 2911 .
1249 2879 1452 2919 accederent]
1497 2879 1575 2909 This
1590 2879 1615 2909 is

779 2937 807 2963 Y
829 2938 854 2978 y
877 2925 899 2962 ‘2
