1816 3211
92 182 172 221 198
324 179 502 222 ORAT.
536 183 600 223 IN
634 181 681 222 L.
715 179 1139 222 GALPURNJUM
1175 179 1455 220 PISONEM

91 294 323 348 Complecti
344 296 406 337 vis
435 295 715 352 amplissimos
739 294 851 334 viros
872 295 924 334 ad
956 298 1077 334 tuum
1105 297 1148 333 et
1171 292 1336 332 Gabinii
1359 292 1520 339 scelus,
1553 306 1686 345 neque

89 360 131 400 id
153 360 332 402 occulte.
395 362 504 402 Nam
536 361 673 416 paullo
705 365 803 399 ante
840 358 983 398 dixisti
1018 372 1082 397 me
1116 372 1210 398 cum
1244 357 1293 396 iis
1326 356 1549 411 confligere
1583 371 1688 411 quos

91 424 345 478 despicerem
365 443 374 472 ς
410 442 490 466 non
513 426 720 477 attingere
743 438 825 471 eos,
851 423 920 477 qui
952 422 1041 475 plus
1063 427 1246 476 possent,
1272 421 1420 475 quibus
1442 421 1574 461 iratus
1595 435 1687 461 esse

91 489 299 530 deberem.
363 492 548 542 Quorum
571 487 887 543 quidem—quis
909 487 1019 526 enim
1041 501 1123 526 non
1146 486 1342 538 intelligit
1363 500 1466 540 quos
1488 485 1602 525 dicas
1618 487 1687 525 ’Ξ-

92 568 344 608 quamquam
376 569 456 594 non
489 561 553 594 est
584 567 666 592 una
696 566 844 592 caussa
875 550 1070 599 omnium,
1103 555 1246 592 tamen
1279 556 1345 590 est
1373 550 1556 590 onmium
1588 548 1688 589 mihi

90 619 281 672 probata.
346 618 420 658 Me
455 618 529 658 Cn.
569 616 807 671 Pompeius,
846 616 988 657 multis
1022 615 1326 656 obsistentibus
1361 616 1452 669 ejus
1490 629 1589 668 erga
1622 628 1688 653 me

91 683 230 723 studio
252 688 378 737 atque
399 683 542 733 amori,
567 697 729 737 semper
751 681 909 729 dilexit,
933 695 1096 735 semper
1117 695 1192 720 sua
1215 679 1509 734 conjunctione
1532 678 1688 732 dignis-

92 747 240 787 simum
257 748 474 801 judicavit,
498 762 660 802 semper
691 762 774 787 non
803 746 925 788 modo
953 746 1216 794 incolumem,
1241 745 1314 786 sed
1337 745 1463 785 etiam
1485 743 1688 799 amplissi-

92 826 206 851 mum
239 817 366 867 atque
403 812 713 853 ornatissimum
747 810 875 852 voluit
911 825 1014 851 esse.
1080 810 1262 851 Vestrae
1292 810 1472 861 fraudes,
1504 814 1687 851 vestrum
1718 823 1722 827 ·

92 876 240 925 scelus,
263 883 425 918 vestrae
448 877 759 918 criminationes
780 876 1021 918 insidiarum
1044 892 1242 927 mea-rum,
1266 877 1372 919 illius
1396 876 1685 932 periculorum,

91 942 248 982 nefarie
270 943 406 992 fictae,
441 943 563 984 simul
594 958 748 991 eorum,
783 943 852 998 qui
883 943 1180 984 familiaritatis
1214 944 1382 984 licentia
1413 957 1583 983 suorum
1615 942 1689 982 im-

92 1007 435 1061 probissimorum
476 1023 713 1048 sermonum
766 1008 1019 1049 domicilium
1065 1009 1106 1049 in
1157 1009 1328 1049 auribus
1378 1009 1467 1062 ejus
1508 1008 1689 1062 impulsu

93 1078 231 1112 vestro
254 1073 518 1117 collocarant,
550 1073 732 1127 [vestrae
755 1073 1007 1127 cupiditates
1029 1073 1330 1127 provinciarum
1353 1071 1616 1127 effecerunt]
1641 1080 1690 1113 ut

93 1150 172 1191 ego
194 1137 448 1187 excluderer,
473 1152 697 1192 omnesque
719 1138 788 1191 qui
811 1151 888 1185 me,
911 1138 980 1192 qui
1003 1138 1111 1178 illius
1133 1138 1320 1192 gloriam,
1353 1137 1421 1191 qui
1448 1152 1534 1178 rem
1556 1136 1689 1191 publi-

94 1215 185 1240 cam
219 1202 376 1241 salvam
411 1217 502 1242 esse
536 1203 771 1256 cupiebant,
808 1216 997 1242 sermone
1030 1208 1156 1256 atque
1187 1202 1305 1242 aditu
1340 1202 1684 1256 prohiberentur;

93 1265 243 1318 quibus
279 1267 403 1306 rebus
439 1271 506 1307 est
537 1267 770 1321 perfectum
803 1271 851 1306 ut
892 1267 949 1307 illi
985 1267 1106 1321 plane
1146 1281 1222 1307 suo
1258 1272 1372 1307 stare
1408 1266 1567 1320 judicio
1606 1281 1689 1306 non

91 1329 249 1378 liceret,
274 1345 401 1384 quum
423 1331 527 1371 certi
550 1331 737 1371 homines
759 1345 841 1370 non
864 1331 1049 1372 studium
1071 1332 1162 1386 ejus
1182 1346 1207 1371 a
1235 1346 1299 1371 me
1321 1331 1585 1378 alienassent,
1616 1332 1689 1371 sed

92 1393 292 1434 auxilium
328 1396 628 1436 retardassent.
693 1395 841 1436 Nonne
874 1396 927 1436 ad
958 1401 1002 1436 te
1036 1396 1084 1437 L.
1121 1396 1338 1445 Lentulus,
1373 1395 1442 1450 qui
1474 1401 1567 1437 tum
1598 1400 1690 1436 erat

92 1464 275 1513 praetor,
299 1474 381 1500 non
415 1460 465 1513 Q.
498 1460 651 1514 Sanga,
682 1474 764 1500 non
800 1460 847 1500 L.
878 1460 1118 1515 Torquatus
1140 1468 1271 1515 pater,
1295 1475 1378 1500 non
1403 1460 1465 1501 M.
1492 1460 1690 1500 Lucullus

93 1523 234 1564 venit?
264 1524 334 1578 qui
357 1540 499 1565 omnes
520 1525 574 1565 ad
596 1539 702 1573 eum,
733 1525 936 1580 multique
967 1525 1166 1566 mortales
1200 1532 1364 1566 oratum
1400 1525 1442 1564 in
1477 1525 1689 1565 Albanum

94 1589 440 1643 obsecratumque
474 1595 687 1637 venerant,
722 1595 768 1630 ut
801 1604 853 1630 ne
886 1604 999 1630 meas
1030 1590 1221 1630 fortunas
1254 1590 1466 1630 desereret
1499 1604 1593 1629 cum
1629 1589 1688 1630 rei

92 1653 283 1707 publicae
305 1655 441 1695 salute
463 1654 720 1708 conjunctas.
785 1653 900 1704 Quos
928 1654 994 1693 ille
1026 1655 1080 1695 ad
1111 1660 1154 1695 te
1186 1660 1229 1694 et
1256 1655 1309 1694 ad
1341 1660 1461 1695 tuum
1487 1654 1688 1708 collegam

93 1718 266 1767 remisit,
290 1723 338 1759 ut
359 1734 547 1759 caussam
570 1719 777 1773 publicam
799 1719 1078 1772 susciperetis,
1099 1724 1146 1760 ut
1163 1719 1216 1758 ad
1239 1723 1430 1759 senatum
1452 1720 1683 1766 referretis;

95 1797 140 1822 se
168 1789 314 1823 contra
335 1789 542 1824 armatum
575 1783 788 1824 tribunum
815 1783 948 1837 plebis
976 1783 1065 1823 sine
1087 1783 1252 1838 publico
1275 1783 1446 1824 consilio
1469 1784 1686 1824 decertare

94 1847 228 1894 nolle3
264 1848 500 1888 consulibus
531 1863 583 1888 ex
615 1848 980 1888 senatusconsulto
1008 1863 1095 1888 rem
1130 1848 1340 1902 publicam
1369 1848 1688 1889 defendentibus

96 1925 141 1951 se
162 1926 277 1952 arma
298 1918 574 1966 sumpturum.
628 1912 802 1966 Ecquid,
828 1911 984 1962 infelix,
1008 1913 1252 1961 recordaris,
1277 1913 1376 1967 quid
1398 1914 1689 1968 responderis?

99 1975 149 2015 ln
170 1990 250 2031 quo
283 1976 339 2016 illi
371 1991 513 2018 omnes
542 1977 719 2031 quidem,
750 1978 822 2017 sed
856 1976 1097 2031 Torquatus
1128 1983 1297 2031 praeter
1328 1983 1494 2018 ceteros
1522 1978 1690 2019 furebat

140 2080 191 2108 31.
222 2089 299 2118 quos
329 2079 538 2120 despicerem]
588 2080 658 2109 Piso
696 2079 762 2109 said
799 2079 869 2108 that

914 2089 1013 2118 genus
1038 2078 1122 2118 quod
1148 2079 1181 2107 in
1208 2079 1332 2108 civitate
1356 2083 1404 2109 est
1427 2083 1459 2109 et
1486 2081 1630 2109 ordinum
1659 2085 1691 2110 et

97 2121 207 2151 Cicero
224 2122 285 2151 had
309 2123 453 2151 attacked
477 2123 606 2152 himself
625 2122 687 2152 and
704 2121 868 2156 Gabinius,

914 2125 1052 2151 aetatum
1070 2128 1102 2150 et
1128 2131 1220 2151 sexus
1237 2122 1544 2162 comprehendunt.'’
1581 2123 1690 2152 Cicero

97 2165 296 2204 particularly
323 2165 355 2194 111
385 2166 440 2194 the
467 2169 581 2194 matter
606 2165 642 2194 of
668 2164 871 2203 superseding

97 2207 185 2236 them
202 2207 234 2236 in
250 2207 332 2236 their
355 2208 528 2245 provinces,
545 2207 605 2236 and
629 2208 698 2236 that
720 2207 760 2235 he
776 2207 870 2235 dared

98 2254 156 2278 not
178 2250 283 2278 attark
300 2250 414 2279 Caesar
436 2250 498 2278 and
516 2250 694 2288 Pompeius,
711 2249 747 2278 of
767 2249 870 2278 whom

98 2291 139 2320 he
154 2292 216 2320 had
232 2301 318 2320 more
334 2302 426 2321 cause
441 2296 474 2321 to
491 2292 657 2331 complain.

144 2335 383 2363 criminationes
419 2334 626 2373 insidiarum]
690 2333 794 2363 When
833 2333 873 2363 he

100 2386 162 2405 was
188 2376 317 2405 accused
349 2376 385 2405 of
411 2376 546 2415 forming
573 2387 591 2406 a
616 2377 724 2414 design
751 2376 873 2414 against

101 2419 280 2458 Pompeius'
305 2419 358 2448 life
383 2419 459 2458 (Pro
484 2419 595 2456 Sestio,
621 2429 646 2449 c.
665 2421 716 2454 63,
734 2419 796 2448 and
820 2419 873 2448 the

100 2466 186 2498 note,
203 2462 265 2491 and
282 2471 308 2490 c.
325 2460 392 2501 64).

146 2506 306 2546 multique]
327 2504 494 2543 mortales]
544 2503 664 2534 Gellius
693 2503 770 2542 (xiii.
795 2503 874 2544 28):

104 2549 123 2564 “
141 2547 246 2576 Verba
268 2551 343 2576 sunt
360 2546 481 2576 Claudii
499 2547 696 2584 Quadrigarii
719 2557 757 2576 ex
780 2557 876 2576 anna-

102 2590 181 2619 lium
204 2590 271 2627 ejus
291 2589 526 2618 tertiodecimo:
553 2589 728 2619 ‘Contione
747 2589 875 2618 dimissa

104 2632 255 2662 Metellus
277 2632 310 2660 in
327 2632 517 2670 Capitolium
533 2632 619 2661 venit
642 2641 713 2660 cum
735 2632 874 2661 mortali-

104 2675 164 2704 bus
181 2675 304 2704 multis:
325 2675 398 2703 inde
415 2674 543 2703 domum
561 2674 784 2713 proficiscitur:
810 2678 876 2703 tota

105 2718 215 2748 civitas
239 2727 311 2746 eum
342 2717 488 2746 reduxit.’
505 2717 524 2729 '’
573 2717 692 2746 Gellius
722 2717 778 2746 has
806 2727 874 2756 pre-

106 2760 213 2790 served
239 2760 291 2790 the
316 2760 456 2788 remarks
481 2759 516 2788 of
537 2759 654 2788 Fronto
681 2768 722 2787 on
747 2759 801 2788 the
822 2769 874 2788 ex-

105 2804 247 2842 pression
275 2802 388 2831 ‘multi
418 2801 587 2837 mortales,'
613 2801 713 2830 which
739 2801 779 2830 he
805 2811 875 2840 says

107 2856 215 2875 means
246 2855 331 2875 more
359 2845 436 2874 than
468 2845 580 2873 ‘multi
611 2843 776 2873 homines!
826 2845 877 2873 He

107 2898 188 2927 sayS,
217 2889 342 2917 “multi
368 2891 473 2917 autem
504 2887 654 2916 mortales
683 2887 787 2915 nescio
815 2897 877 2926 quo

107 2934 200 2970 pacto
215 2934 247 2961 et
262 2930 397 2971 quodam
413 2939 506 2961 sensu
526 2928 684 2960 inerrabili
699 2939 791 2958 omne
816 2930 878 2958 fere

915 2164 1002 2194 often
1026 2174 1097 2193 uses
1119 2167 1126 2180 ⁴
1140 2164 1231 2193 multi
1255 2164 1424 2200 mortales,’
1442 2166 1505 2194 and
1528 2176 1561 2195 as
1584 2166 1609 2194 it
1631 2176 1688 2204 ap-

915 2216 1005 2245 pears
1023 2207 1054 2235 in
1077 2217 1095 2235 a
1116 2216 1201 2236 more
1224 2207 1350 2245 general
1373 2217 1462 2236 sense
1483 2208 1560 2237 than
1578 2212 1585 2224 ‘
1599 2209 1691 2238 multi

915 2249 1081 2285 homines,y
1113 2259 1146 2278 as
1176 2250 1208 2278 in
1234 2249 1323 2279 Verr.
1350 2250 1380 2278 ii.
1410 2252 1440 2287 2,
1465 2260 1491 2279 c.
1520 2252 1582 2285 77:
1619 2254 1637 2267 “
1656 2256 1691 2281 ut

916 2301 1026 2321 omnes
1043 2293 1190 2321 mortales
1207 2314 1215 2321 .
1234 2314 1240 2321 .
1259 2315 1266 2321 .
1284 2292 1386 2321 videre
1403 2293 1559 2331 possint.⁷⁷

960 2336 993 2364 in
1012 2334 1190 2374 Albanum]
1241 2335 1420 2374 Pompeius'
1447 2336 1519 2365 villa
1541 2339 1573 2364 at
1595 2335 1688 2371 Alba,

917 2380 949 2407 to
968 2377 1067 2406 which
1083 2377 1108 2406 it
1122 2377 1148 2406 is
1165 2377 1230 2407 said
1249 2378 1319 2407 that
1341 2378 1381 2407 he
1396 2378 1508 2408 retired
1530 2382 1562 2408 to
1579 2378 1617 2407 be
1633 2382 1690 2407 out

918 2420 952 2449 of
966 2420 1019 2449 the
1036 2430 1112 2459 way.
1155 2420 1303 2449 Plutarch
1321 2420 1457 2459 (Cicero,
1475 2431 1500 2450 c.
1518 2421 1573 2460 31)
1590 2421 1690 2450 found

919 2472 938 2491 a
954 2467 1039 2501 story
1056 2463 1247 2492 somewhere
1263 2464 1331 2492 that
1342 2463 1451 2493 Cicero
1467 2464 1595 2493 himself
1607 2468 1690 2492 went

919 2508 952 2534 to
979 2505 1157 2544 Pompeius'
1181 2505 1284 2535 Alban
1311 2506 1384 2534 villa
1410 2509 1443 2535 to
1470 2516 1546 2545 pray
1570 2507 1618 2535 for
1641 2506 1690 2535 his

921 2547 1006 2586 help,
1022 2548 1084 2577 and
1107 2548 1176 2577 that
1199 2548 1368 2588 Pompeius
1389 2548 1511 2588 slipped
1532 2552 1589 2578 out
1611 2548 1652 2587 by
1673 2558 1691 2577 a

919 2590 997 2619 back
1015 2591 1091 2619 door
1106 2595 1139 2620 to
1155 2591 1245 2620 avoid
1263 2592 1369 2629 seeing
1385 2591 1460 2620 him.

963 2634 1144 2663 consulibus
1175 2633 1231 2672 ω’]
1261 2636 1267 2648 ‘
1283 2633 1337 2663 sed
1360 2631 1565 2669 consulibus‚'
1584 2633 1692 2671 Klotz,

922 2675 1035 2704 Halm:
1063 2675 1130 2705 ‘se'
1148 2676 1206 2712 T.;
1231 2686 1293 2705 om.
1312 2676 1348 2706 C.

968 2718 1165 2757 Torquatus]
1215 2718 1335 2747 Gellius
1353 2717 1387 2755 (i.
1405 2717 1439 2758 5)
1465 2718 1520 2747 has
1543 2727 1583 2746 an
1598 2727 1690 2746 anec-

920 2760 992 2789 dote
1007 2761 1104 2790 about
1127 2761 1203 2796 him,
1221 2761 1330 2796 which,
1347 2771 1381 2790 as
1396 2760 1527 2790 Abrami
1543 2769 1623 2798 says,
1637 2769 1690 2788 ex-

920 2803 1020 2841 plains
1036 2804 1107 2842 why
1131 2804 1171 2833 he
1194 2803 1395 2842 particularly
1416 2803 1469 2832 fell
1490 2803 1555 2831 into
1576 2812 1594 2830 a
1619 2812 1690 2840 pas-

921 2846 999 2874 sion.
1045 2846 1223 2885 Torquatus
1242 2846 1303 2875 had
1326 2846 1392 2874 said
1415 2845 1484 2874 tbat
1503 2844 1690 2873 Hortensius

920 2898 982 2916 was
995 2897 1013 2916 a
1028 2898 1112 2918 mere
1126 2889 1328 2927 gesticulator
1339 2897 1374 2917 or
1389 2894 1485 2920 actor,
1499 2896 1517 2915 a
1527 2886 1688 2925 Dionysia.

922 2930 1002 2959 Now
1020 2931 1172 2970 Dionysia
1186 2941 1248 2960 was
1265 2941 1283 2960 a
1299 2930 1395 2960 noted
1417 2929 1551 2970 dancing
1566 2939 1689 2959 woman
