1899 3227
202 181 256 220 98
401 179 579 220 ORAT.
612 180 694 220 DE
729 179 1087 221 PROVINCIIS
1121 180 1597 223 CONSULARIBUS

204 306 346 333 omnes
366 292 543 334 Metelli.
606 293 668 334 At
690 293 816 334 iinon
832 293 954 333 modo
977 294 1089 334 illum
1111 294 1322 334 inimicum
1345 309 1396 334 ex
1415 294 1552 335 Gallia
1571 294 1793 336 sententiis

203 356 289 397 suis
319 371 401 398 non
433 358 724 406 detrahebant,
758 358 830 398 sed
867 364 911 399 et
942 363 1115 412 propter
1151 359 1354 399 rationem
1392 359 1539 399 Gallici
1572 360 1666 400 belli
1701 374 1793 414 pro-

203 422 379 462 vinciam
401 427 523 462 extra
552 422 737 462 ordinem
773 422 1066 462 decernebant.
1128 423 1290 463 Bellum
1323 422 1364 462 in
1400 423 1535 464 Gallia
1567 424 1793 465 maximum

203 492 369 541 gestum
392 491 480 527 est:
513 486 695 527 domitae
717 491 814 526 sunt
830 501 854 526 a
873 485 1050 526 Caesare
1068 486 1271 526 maximae
1293 487 1495 536 nationes,
1515 489 1588 528 sed
1610 489 1793 529 nondum

204 551 379 605 legibus,
410 551 590 603 nondum
622 551 717 604 jure
750 555 879 599 certo,
917 551 1101 591 nondum
1136 551 1241 591 satis
1273 552 1393 591 firma
1425 566 1526 606 pace
1562 553 1791 594 devinctae.

206 615 367 655 Bellum
388 616 582 656 affectum
604 615 787 655 videmus
815 609 870 664 et,
894 630 989 655 vere
1010 619 1058 655 ut
1089 615 1236 663 dicam,
1260 630 1390 670 paene
1422 617 1657 657 confectum
1677 634 1688 664 ς
1722 617 1795 657 sed

206 679 266 720 ita
287 684 346 728 ut,
369 679 403 719 si
434 679 544 719 idem
566 684 754 720 extrema
784 680 1047 735 persequitur
1082 680 1151 734 qui
1184 680 1406 731 inchoavit,
1436 682 1525 736 jam
1547 682 1683 722 omnia
1703 695 1794 736 per-

205 744 318 784 fecta
338 743 563 793 videamus,
587 743 621 784 si
647 744 896 794 succeditur,
930 744 1157 799 periculum
1185 745 1241 785 sit
1271 760 1322 786 ne
1350 745 1605 786 instauratas
1625 745 1795 786 maximi
1819 768 1826 773 -

207 808 302 848 belli
324 808 518 863 reliquias
538 823 586 849 ac
609 814 831 849 renovatas
852 809 1082 851 audiamus.
1146 809 1261 864 Ergo
1284 824 1362 864 ego
1384 814 1567 859 senator,
1594 810 1796 859 inimicus,

207 872 243 912 si
275 872 335 913 ita
363 873 500 921 vultis,
536 873 704 923 homini,
743 874 900 915 amicus
933 889 1037 924 esse,
1072 874 1180 915 sicut
1215 889 1380 929 semper
1411 875 1481 924 fui,
1517 875 1575 915 rei
1608 874 1795 930 publicae

209 937 354 977 debeo.
418 937 538 988 Quid,
581 937 615 977 si
655 938 768 992 ipsas
809 938 1048 980 inimicitias
1090 940 1252 994 depono
1293 939 1352 979 rei
1399 939 1590 994 publicae
1632 954 1794 987 caussa,

209 1001 301 1056 quis
330 1016 396 1042 me
428 1003 597 1043 tandem
620 1004 714 1057 jure
746 1004 1051 1058 reprehendet?
1082 1005 1327 1059 praesertim
1358 1020 1484 1059 quum
1515 1019 1593 1060 ego
1615 1005 1797 1045 onmium

210 1081 395 1106 meorum
425 1067 691 1108 consiliorum
737 1073 862 1123 atque
901 1069 1108 1109 factorum
1154 1069 1343 1124 exempla
1390 1084 1552 1124 semper
1595 1084 1646 1109 ex
1687 1083 1796 1109 sum-

209 1145 369 1171 morum
403 1132 615 1172 hominum
650 1133 773 1173 factis
804 1133 904 1173 mihi
937 1133 1166 1173 censuerim
1208 1134 1398 1188 petenda.
1464 1134 1549 1174 IX.
1595 1135 1664 1173 An
1700 1147 1796 1173 vero

213 1195 275 1236 M.
298 1196 364 1236 ille
389 1196 583 1251 Lepidus,
608 1197 676 1251 qui
697 1197 762 1237 bis
782 1198 925 1238 consul
946 1203 989 1239 et
1010 1199 1197 1253 pontifex
1219 1199 1424 1239 maximus
1446 1198 1536 1248 fuit,
1560 1213 1643 1238 non
1664 1198 1798 1238 solum

210 1260 434 1301 memoriae
454 1261 709 1310 testimonio,
732 1263 805 1302 sed
827 1263 953 1303 etiam
975 1263 1183 1303 annalium
1210 1263 1362 1303 litteris
1392 1267 1435 1303 et
1465 1263 1614 1303 summi
1647 1267 1799 1318 poetae

210 1339 311 1365 voce
332 1325 528 1366 laudatus
549 1331 626 1375 est,
650 1327 760 1380 quod
783 1342 876 1368 eum
911 1327 973 1368 M.
998 1327 1146 1368 Fulvio
1178 1328 1350 1382 collega,
1376 1342 1456 1382 quo
1479 1328 1545 1368 die
1567 1342 1713 1368 censor
1734 1331 1800 1368 est

209 1389 357 1440 factus,
381 1389 546 1431 homine
571 1391 866 1439 inimicissimo,
889 1392 930 1432 in
961 1407 1106 1447 campo
1137 1393 1282 1434 statim
1313 1393 1436 1434 rediit
1465 1393 1507 1433 in
1536 1393 1729 1447 gratiam,
1751 1396 1800 1432 ut

210 1468 427 1495 commune
458 1455 639 1497 officium
660 1470 859 1498 censurae
879 1457 1086 1498 communi
1117 1458 1256 1499 animo
1287 1472 1337 1499 ac
1358 1458 1573 1499 voluntate
1605 1457 1799 1498 defende-

253 1582 310 1611 sed
333 1582 379 1622 et]
428 1582 501 1612 ‘sed
527 1582 579 1613 et’
611 1583 668 1620 C.;
697 1584 773 1614 ‘sed
800 1583 850 1614 ei’
876 1585 984 1621 Halm,

1029 1585 1220 1625 censorship.
1254 1584 1312 1615 See
1328 1585 1388 1615 Pro
1404 1584 1529 1620 Archia,
1542 1595 1568 1615 c.
1582 1586 1613 1620 9,
1630 1586 1714 1621 note,
1726 1584 1799 1616 Vol.

212 1624 328 1661 Baiter,
345 1625 421 1654 with
441 1626 504 1655 this
527 1629 619 1656 note:
645 1629 664 1643 ‘⁴
679 1627 799 1657 Omnes
823 1628 882 1658 loci
906 1638 985 1667 quos

1028 1629 1071 1658 iii.
1118 1628 1238 1659 Gellius
1259 1627 1327 1668 (xii.
1349 1627 1382 1667 8)
1407 1628 1478 1657 tells
1498 1628 1552 1657 the
1575 1632 1660 1667 story
1681 1627 1717 1657 of
1736 1628 1800 1658 this

213 1667 319 1697 attulit
336 1667 472 1697 Haasius
484 1669 523 1698 ad
534 1669 664 1708 Reisigii
682 1670 865 1700 Scholas'de
880 1671 986 1709 lingua

214 1709 328 1739 Latina
343 1720 395 1740 no.
414 1712 485 1742 423.
503 1712 534 1741 in
556 1712 671 1750 quibus
687 1712 796 1742 Cicero
811 1713 867 1743 sed
882 1716 912 1742 et
928 1723 984 1752 pro

212 1752 269 1781 sed
284 1754 378 1782 etiam
395 1754 553 1792 scripsisse
569 1754 677 1791 fertur,
695 1765 779 1785 nune
794 1765 831 1785 ex
848 1756 981 1785 meliori-

213 1794 272 1824 bus
288 1794 374 1824 libris
391 1797 521 1826 correcti
538 1796 646 1827 sunt.'’

262 1837 379 1867 Gallici
395 1839 484 1877 belli]
534 1839 566 1869 It
588 1850 650 1870 was
672 1840 727 1870 the
751 1850 814 1870 war
835 1840 867 1870 in
885 1841 986 1871 Gallia

213 1879 290 1909 with
316 1880 371 1909 the
396 1880 515 1910 Cimbri
537 1882 599 1911 and
621 1882 791 1919 Teutones,
813 1883 882 1913 who
906 1893 985 1913 were

215 1922 356 1952 defeated
386 1932 461 1952 near
491 1924 602 1963 Aquae
634 1925 757 1955 Sextiae
790 1925 892 1966 (Aix),
923 1926 985 1956 and

214 1965 394 1994 afterwards
422 1966 454 1995 in
488 1966 594 1996 North
625 1967 718 2007 Italy.
772 1968 893 1998 Marius
922 1979 984 1999 was

215 2008 330 2037 chosen
346 2011 379 2037 to
402 2009 488 2047 repel
503 2009 557 2039 the
573 2020 685 2049 enemy
702 2010 833 2040 because
848 2011 903 2041 the
920 2012 984 2042 Ro-

215 2060 304 2079 mans
320 2060 399 2080 were
415 2052 512 2081 afraid
529 2052 564 2081 of
575 2053 630 2082 the
644 2053 797 2084 invaders.

257 2094 417 2123 maximae
432 2095 591 2134 nationes]
641 2095 754 2126 Caesar
775 2105 836 2125 was
859 2106 929 2126 now
951 2096 984 2126 in

214 2135 269 2165 the
285 2135 368 2165 third
384 2146 458 2175 year
480 2137 516 2166 of
535 2138 583 2167 his
608 2138 708 2168 Gallie
731 2139 905 2178 campaign,
922 2139 984 2169 and

215 2178 255 2207 he
270 2178 331 2208 had
356 2178 498 2209 defeated
516 2180 572 2210 the
595 2180 743 2217 Helvetii,
768 2181 823 2211 the
846 2182 983 2211 German

215 2220 291 2259 king
307 2221 482 2251 Ariovistus
504 2221 557 2262 (B.
576 2223 615 2252 G.
631 2223 679 2263 i.),
702 2224 764 2253 and
780 2224 834 2253 the
856 2223 986 2263 Belgian

215 2263 447 2293 confederation
466 2263 518 2304 (B.
532 2265 569 2295 G.
581 2264 639 2305 it).
680 2266 817 2305 Perhaps
833 2266 887 2296 the
903 2277 986 2297 news

214 2305 251 2334 of
275 2305 324 2334 his
358 2306 476 2345 victory
500 2317 573 2336 over
599 2308 652 2337 the
678 2308 793 2338 Veneti
825 2308 905 2348 (11.0.
929 2309 985 2349 56)

215 2347 276 2376 113(1
300 2350 357 2376 not
380 2349 512 2378 reached
538 2350 649 2387 Rome,
671 2351 762 2380 when
786 2351 848 2381 this
872 2352 984 2391 speech

214 2399 276 2419 was
293 2389 458 2420 delivered.

258 2433 384 2462 Bellum
401 2457 407 2464 .
426 2455 433 2462 .
451 2433 644 2474 confectum]
692 2435 795 2465 These
817 2436 918 2466 words
932 2446 985 2466 are

215 2475 330 2514 quoted
356 2475 395 2514 by
419 2476 537 2506 Gellius
562 2476 625 2516 (xv.
646 2476 693 2517 5),
714 2478 776 2507 and
798 2478 831 2507 in
856 2478 912 2518 (iii.
933 2479 984 2519 16)

216 2518 255 2546 he
280 2527 370 2556 saysz
397 2519 545 2556 “affecta
566 2520 661 2556 enim,
686 2520 776 2550 sicuti
806 2521 853 2550 M.
876 2521 985 2551 Cicero

215 2563 247 2589 et
262 2563 401 2589 veterum
419 2561 639 2600 elegantissimi
655 2563 750 2592 locuti
767 2567 851 2599 sunt,
862 2573 898 2593 ea
914 2573 985 2602 pro-

215 2602 282 2641 prie
305 2602 488 2633 dicebantur
511 2613 591 2643 quae
613 2614 676 2634 non
699 2605 738 2634 ad
759 2606 853 2635 finem
869 2606 984 2645 ipsum,

216 2645 270 2674 sed
300 2645 442 2684 proxime
482 2646 578 2676 finem
614 2657 778 2686 progressa
814 2648 986 2678 deductave

216 2690 315 2717 erant.
363 2688 435 2717 Hoc
450 2688 579 2718 verbum
596 2690 633 2719 ad
651 2690 732 2719 hanc
748 2691 935 2720 sententiam
951 2691 984 2721 in

217 2729 376 2759 Ciceronis
399 2731 539 2760 oratione
564 2731 632 2769 suit,
654 2742 748 2771 quam
765 2733 844 2763 dixit
859 2734 898 2763 de
913 2743 985 2773 pro-

216 2772 323 2802 vinciis
340 2773 588 2803 consularibus.'’

259 2816 289 2845 9.
313 2817 568 2855 summipoetae]
618 2816 750 2853 Ennius,
776 2817 847 2846 who
863 2828 986 2847 accom-

216 2857 328 2896 panied
352 2858 419 2887 into
445 2859 570 2888 Aetolia
596 2859 643 2888 M.
672 2859 800 2889 Fulvius
830 2860 984 2897 Nobilior,

217 2899 287 2929 who
312 2910 374 2930 was
399 2900 454 2930 the
478 2901 636 2941 colleague
660 2902 696 2932 of
716 2902 855 2942 Lepidus
876 2903 909 2932 in
932 2903 987 2933 the

1028 1671 1280 1701 reconciliation:
1306 1670 1492 1700 “Aemilius
1509 1680 1634 1710 quoque
1659 1670 1797 1709 Lepidus

1028 1717 1061 1744 et
1086 1714 1213 1744 Fulvius
1235 1714 1375 1749 Flaccus,
1394 1713 1491 1743 nobili
1514 1723 1626 1752 genere
1642 1713 1798 1752 amplissi-

1028 1757 1150 1795 misque
1166 1756 1338 1785 honoribus
1355 1759 1386 1785 et
1402 1766 1525 1785 summo
1542 1756 1609 1786 loco
1625 1756 1658 1785 in
1674 1756 1799 1786 civitate

1028 1799 1168 1838 praediti,
1190 1799 1260 1828 odio
1284 1799 1367 1828 inter
1389 1808 1456 1828 sese
1477 1799 1560 1838 gravi
1587 1802 1619 1828 et
1641 1799 1800 1828 simultate

1029 1842 1150 1871 diutina
1180 1842 1349 1871 conflictati
1380 1844 1465 1871 sunt.
1521 1842 1633 1871 Postea
1662 1842 1799 1880 populus

1028 1894 1081 1914 eos
1098 1885 1190 1914 simul
1205 1894 1348 1914 censores
1364 1884 1438 1914 facit
1455 1896 1462 1920 ;
1485 1887 1580 1924 atque
1594 1884 1639 1913 illi
1654 1884 1708 1913 ubi
1724 1894 1799 1914 voce

1028 1927 1190 1966 praeconis
1205 1927 1374 1957 renuntiati
1398 1930 1483 1963 sunt,
1507 1927 1623 1957 ibidem
1639 1927 1672 1956 in
1688 1936 1798 1966 campo

1030 1970 1135 2000 statim
1153 1970 1294 2000 nondum
1311 1970 1438 1999 dimissa
1453 1970 1600 1999 contione
1615 1970 1697 1999 ultro
1713 1973 1798 1999 uter-

1029 2022 1090 2052 que
1105 2015 1138 2042 et
1153 2013 1220 2052 pari
1232 2013 1392 2042 voluntate
1408 2013 1567 2051 conjuncti
1583 2012 1799 2051 complexique

1028 2058 1120 2092 sunt3
1144 2065 1246 2094 exque
1271 2065 1308 2085 eo
1336 2056 1386 2085 die
1409 2059 1441 2085 et
1466 2056 1499 2085 in
1521 2056 1589 2094 ipsa
1615 2065 1746 2084 censura
1767 2057 1800 2084 et

1028 2101 1138 2136 postea
1149 2098 1217 2137 jugi
1234 2099 1399 2128 concordia
1421 2098 1571 2128 fidissime
1593 2098 1798 2136 amplissime-

1028 2150 1088 2179 que
1114 2140 1295 2170 vixerunt.”
1340 2141 1471 2171 Abrami
1495 2141 1552 2170 has
1575 2150 1594 2169 a
1619 2140 1699 2179 good
1724 2144 1800 2170 note

1028 2192 1069 2211 on
1085 2183 1147 2212 this
1164 2183 1312 2222 Lepidus.
1361 2183 1412 2213 He
1425 2184 1452 2213 is
1468 2182 1624 2222 supposed
1641 2186 1674 2212 to
1690 2182 1729 2212 be
1744 2183 1799 2212 the

1031 2225 1170 2264 Lepidus
1185 2226 1255 2255 who
1272 2225 1366 2255 killed
1382 2235 1422 2255 an
1438 2235 1550 2264 enemy
1565 2225 1598 2254 in
1614 2225 1723 2260 battle,
1736 2226 1799 2255 and

1029 2270 1061 2296 at
1077 2268 1130 2297 the
1146 2278 1230 2297 same
1245 2268 1321 2297 time
1344 2268 1435 2297 saved
1452 2278 1470 2297 a
1485 2267 1624 2297 citizen’s
1640 2267 1693 2297 life
1708 2268 1800 2297 when

1030 2309 1069 2339 he
1085 2320 1146 2339 was
1160 2321 1178 2339 a
1193 2310 1254 2349 boy
1271 2310 1307 2340 of
1318 2311 1434 2340 fifteen.
1480 2310 1623 2340 Valerius
1639 2310 1799 2340 Maximus

1030 2351 1087 2391 (iii.
1109 2352 1138 2392 l)
1157 2353 1226 2382 tells
1250 2353 1303 2382 the
1319 2356 1422 2391 story;
1445 2353 1507 2382 aud
1530 2353 1618 2382 there
1641 2353 1666 2382 is
1687 2363 1706 2382 a
1728 2353 1800 2382 coin

1029 2395 1064 2424 of
1087 2395 1134 2424 M.
1163 2395 1301 2434 Lepidus
1323 2396 1399 2424 with
1421 2405 1440 2425 a
1463 2405 1535 2425 man
1560 2405 1601 2425 on
1628 2395 1801 2425 horseback

1028 2437 1089 2466 and
1120 2437 1173 2467 the
1204 2438 1314 2476 legend
1346 2447 1406 2467 AN.
1434 2447 1494 2468 xv.
1526 2448 1580 2468 PR.
1616 2447 1653 2468 Η.
1670 2448 1701 2468 o.
1720 2447 1749 2468 c.
1771 2447 1799 2467 s.

1029 2480 1129 2509 which
1156 2480 1333 2519 Stephanus
1365 2480 1543 2510 Hudelotus
1573 2481 1737 2520 explained
1767 2480 1801 2510 in

1030 2522 1217 2562 conformity
1242 2523 1316 2552 with
1346 2523 1400 2553 the
1433 2533 1563 2562 passage
1592 2524 1624 2553 in
1654 2523 1799 2553 Valerius

1031 2564 1167 2603 (hostem
1185 2566 1354 2602 interemit,
1366 2566 1464 2595 civem
1478 2565 1624 2606 servavit)
1641 2569 1675 2595 to
1685 2575 1796 2595 mean:

1030 2610 1050 2623 ‘⁴
1063 2607 1111 2637 M.
1151 2608 1289 2647 Lepidus
1319 2618 1473 2638 annorum
1504 2618 1554 2638 xv
1583 2611 1798 2648 praetextatus

1030 2649 1153 2680 hostem
1181 2651 1294 2680 occidit
1324 2651 1422 2680 civem
1448 2651 1614 2681 servavit.'’
1660 2650 1799 2690 Lepidus

1029 2702 1091 2721 was
1107 2693 1216 2722 consul
1228 2702 1290 2722 B.c.
1308 2694 1378 2729 187,
1395 2695 1464 2729 175,
1478 2694 1539 2723 and
1552 2693 1592 2723 he
1607 2703 1668 2723 was
1681 2692 1800 2723 elected

1030 2734 1174 2764 Pontifex
1199 2735 1359 2765 Maximus
1379 2736 1412 2765 in
1436 2745 1500 2765 B.c.
1528 2738 1597 2766 180.
1642 2736 1711 2765 The
1727 2744 1800 2774 year

1029 2777 1066 2806 of
1078 2777 1126 2807 his
1142 2778 1322 2817 censorship
1339 2788 1400 2808 was
1417 2787 1481 2808 B.c.
1501 2779 1571 2813 179.
1616 2778 1685 2807 The
1701 2778 1799 2807 direc-

1029 2819 1112 2849 tions
1128 2820 1228 2850 which
1254 2820 1294 2850 he
1318 2830 1394 2859 gave
1417 2820 1465 2850 for
1487 2820 1536 2850 his
1552 2821 1663 2860 simple
1679 2819 1800 2849 funeral

1031 2861 1115 2901 (Liv.
1134 2862 1193 2902 Ep.
1212 2863 1267 2902 48)
1292 2863 1376 2892 shew
1399 2863 1468 2892 that
1490 2863 1530 2892 he
1545 2872 1608 2893 was
1622 2872 1682 2893 one
1698 2862 1732 2892 of
1745 2862 1800 2892 the

1031 2904 1172 2935 Romans
1188 2906 1222 2935 of
1234 2905 1289 2935 the
1303 2905 1408 2935 better
1423 2908 1498 2935 sort.
