1899 3227
145 203 200 243 46
596 198 772 241 ORAT.
808 197 925 238 PRO
962 197 1022 238 M.
1056 193 1284 237 CAELIO

148 313 365 356 Utebatur
395 312 630 353 hominibus
666 311 866 366 improbis
896 309 1064 355 multis3
1104 312 1147 348 et
1179 306 1344 362 quidem
1374 304 1543 363 optimis
1574 316 1618 348 se
1644 306 1744 347 -viris

146 379 335 420 deditum
375 393 466 418 esse
507 377 742 418 simulabat.
806 376 941 415 Erant
982 373 1093 428 apud
1124 372 1237 412 illum
1275 364 1493 411 illecebrae
1527 370 1744 411 libidinum

145 445 301 486 multae
320 461 327 484 :
363 448 483 484 erant
504 442 631 483 etiam
662 441 891 481 industriae
909 439 1076 493 quidam
1098 437 1255 478 stimuli
1277 451 1325 477 ac
1342 436 1509 477 laboris.
1573 436 1744 491 Flagra-

145 511 250 551 bant
270 509 371 549 vitia
391 508 572 548 libidinis
593 507 703 561 apud
727 506 864 545 illum:
897 504 1095 559 vigebant
1123 503 1248 543 etiam
1281 501 1422 543 studia
1451 501 1509 541 rei
1541 501 1743 542 militaris.

147 574 294 629 Neque
320 588 397 627 ego
429 586 624 625 umquam
645 570 770 610 fuisse
792 569 875 610 tale
897 573 1131 609 monstrum
1153 567 1194 607 in
1219 566 1341 607 terris
1362 566 1488 606 ullum
1509 572 1625 621 puto,
1656 572 1745 607 tam

146 654 198 680 ex
232 637 451 679 contrariis
483 636 736 690 diversisque
770 640 813 675 et
845 634 957 675 inter
987 647 1031 674 se
1068 632 1354 688 pugnantibus
1386 637 1561 673 naturae
1595 632 1746 673 studiis

146 702 525 757 cupiditatibusque
566 700 805 741 conflatum.
883 698 966 739 VI.
1013 698 1117 749 Quis
1149 697 1392 738 clarioribus
1427 696 1525 737 viris
1567 697 1745 751 quodam

145 773 332 822 tempore
350 766 601 821 jucundior?
633 765 723 819 quis
744 763 1002 818 turpioribus
1033 762 1325 817 conjunctior?
1387 761 1491 813 Quis
1511 761 1612 802 civis
1632 761 1762 811 meli—5

147 848 265 873 orum
287 832 468 887 partium
489 831 735 886 aliquando?
767 829 858 884 quis
886 828 1062 870 taetrior
1094 827 1229 868 hostis
1260 826 1356 867 huic
1387 826 1575 867 civitati?
1643 826 1746 878 Quis

147 898 189 938 in
210 897 496 952 voluptatibus
527 895 806 950 inquinatior?
848 893 939 948 quis
970 893 1010 933 in
1041 893 1253 933 laboribus
1284 892 1540 947 patientior?
1581 891 1673 946 quis
1702 891 1744 931 in

146 963 377 1017 rapacitate
401 961 591 1002 avarior?
633 960 725 1014 quis
756 959 797 998 in
828 958 1050 1013 largitione
1082 957 1278 998 effusior?
1340 955 1418 996 Illa
1439 970 1548 1005 vero,
1569 955 1745 1009 judices,

147 1028 189 1068 in
224 1028 293 1067 illo
328 1026 494 1066 homine
529 1025 732 1065 mirabilia
764 1024 946 1072 fuerunt,
979 1021 1330 1076 comprehendere
1363 1019 1517 1060 multos
1549 1019 1744 1069 amicitia,

146 1093 253 1134 tueri
286 1091 496 1145 obsequio,
532 1105 627 1131 cum
658 1089 850 1130 omnibus
882 1088 1188 1128 conununicare
1222 1086 1333 1141 quod
1361 1086 1554 1134 habebat,
1594 1085 1747 1125 servire

146 1157 406 1212 temporibus
428 1170 596 1196 suorum
618 1154 800 1194 omnium
822 1154 1008 1208 pecunia,
1033 1153 1183 1207 gratia,
1206 1153 1348 1192 labore
1370 1151 1568 1206 corporis,
1592 1151 1747 1191 scelere

146 1224 286 1272 etiam,
312 1222 346 1262 si
369 1236 471 1276 opus
497 1225 620 1270 esset,
645 1226 688 1261 et
718 1219 920 1265 audacia;
956 1232 1121 1258 versare
1152 1232 1271 1257 suam
1303 1222 1498 1257 naturam
1530 1220 1574 1256 et
1604 1229 1748 1269 regere

146 1289 200 1328 ad
233 1293 400 1341 tempus
431 1292 560 1340 atque
594 1285 674 1324 huc
703 1288 747 1324 et
779 1283 875 1323 illuc
904 1289 1099 1337 torquere
1131 1286 1174 1322 et
1201 1282 1396 1322 flectere:
1432 1294 1528 1320 cum
1556 1278 1749 1320 tristibus

146 1367 300 1399 severe,
323 1366 418 1391 cum
438 1350 622 1390 remissis
639 1348 836 1402 jucunde,
862 1362 957 1388 cum
985 1347 1154 1387 senibus
1182 1345 1379 1400 graviter,
1414 1359 1508 1385 cum
1525 1344 1748 1397 juventute

147 1416 332 1463 comiter,
357 1430 449 1456 cum
478 1413 724 1455 facinorosis
756 1413 972 1461 audacter,
997 1427 1092 1452 cum
1113 1410 1343 1451 libidinosis
1363 1409 1575 1449 luxuriose
1596 1408 1745 1450 vivere.

148 1481 245 1522 Hac
283 1480 349 1520 ille
384 1484 471 1520 tam
503 1479 616 1519 varia
645 1477 946 1532 multiplicique
968 1481 1119 1517 natura
1145 1491 1270 1531 quum
1301 1489 1444 1516 omnes
1475 1473 1665 1514 omnibus
1696 1488 1748 1514 ex

146 1546 272 1587 terris
304 1545 491 1585 homines
522 1544 735 1598 improbos
766 1543 1029 1597 audacesque
1061 1541 1301 1595 collegerat,
1325 1545 1417 1581 tum
1445 1539 1572 1580 etiam
1592 1537 1748 1578 multos

146 1611 278 1652 fortes
308 1610 418 1650 viros
446 1614 489 1650 et
517 1609 649 1649 bonos
677 1607 815 1662 specie
850 1607 1030 1661 quadam
1059 1605 1227 1646 virtutis
1259 1604 1528 1645 assimulatae
1559 1603 1747 1643 tenebat.

150 1675 298 1730 Neque
331 1688 527 1728 umquam
560 1688 612 1713 ex
646 1673 714 1712 illo
748 1671 912 1711 delendi
953 1671 1077 1725 hujus
1117 1669 1279 1724 imperii
1314 1674 1403 1709 tam
1436 1667 1748 1708 consceleratus

149 1740 330 1794 impetus
366 1739 614 1786 exstitisset,
638 1737 716 1777 nisi
747 1740 814 1777 tot
844 1735 1040 1776 vitiorum
1072 1739 1194 1775 tanta
1226 1733 1464 1774 immanitas
1501 1732 1749 1787 quibusdam

149 1804 365 1846 facilitatis
395 1809 438 1845 et
471 1802 699 1858 patientiae
735 1800 943 1841 radicibus
978 1799 1194 1840 niteretur.
1258 1799 1395 1850 Quare
1431 1798 1513 1838 ista
1549 1797 1746 1844 conditio,

152 1941 172 1956 “
184 1938 285 1969 forma
300 1938 415 1968 mentis
435 1939 573 1973 aeterna,
592 1946 686 1975 quam
705 1938 812 1965 tenere
828 1937 859 1965 et
876 1944 929 1963 ex-

152 1982 288 2021 primere
304 1991 368 2010 non
383 1990 439 2020 per
455 1980 589 2009 alienam
601 1979 764 2008 materiam
782 1981 813 2007 et
828 1980 929 2007 artem

154 2024 209 2055 sed
239 2024 301 2053 tuis
332 2024 400 2063 ipse
439 2022 579 2052 moribus
609 2020 745 2061 possis.''
803 2020 928 2050 Horace

153 2066 230 2108 (Ep.
248 2068 279 2096 ii.
303 2068 328 2096 l.
346 2066 444 2106 ⁶248):

153 2128 173 2143 ‘¹
187 2125 256 2155 Nec
273 2125 371 2164 magis
387 2124 525 2163 expressi
541 2123 646 2153 vultus
662 2133 719 2161 per
734 2132 830 2152 aenea
841 2122 929 2160 signa

187 2169 290 2202 Quam
321 2178 377 2207 per
407 2168 486 2197 vatis
517 2176 596 2206 opus
635 2175 738 2195 mores
769 2165 928 2204 animique

241 2212 379 2240 virorum

187 2252 386 2293 Apparent.⁷'

199 2319 389 2359 conflatum]
439 2319 464 2348 A
490 2318 655 2357 metaphor
670 2317 749 2347 from
766 2316 821 2346 the
836 2316 929 2346 melt-

155 2363 211 2401 ing
226 2363 261 2392 of
274 2363 385 2391 metals
442 2361 594 2391 Garatoni
610 2361 717 2390 thinks
734 2361 759 2389 it
775 2360 801 2389 is
817 2370 835 2389 a
848 2362 931 2388 most

154 2410 210 2444 apt
227 2405 401 2443 metaphor,
418 2405 550 2434 because
566 2403 643 2433 such
665 2403 809 2442 opposite
824 2402 930 2440 things

156 2449 261 2477 would
277 2452 333 2477 not
350 2447 460 2476 cohere
477 2447 538 2476 and
555 2446 703 2481 coalesco,
720 2445 747 2474 if
759 2445 834 2484 they
849 2454 931 2474 were

156 2494 213 2520 not
229 2490 345 2520 melted
364 2490 509 2528 together
531 2489 594 2518 like
621 2489 741 2518 metals.
787 2488 890 2516 There
906 2487 931 2516 is

156 2537 214 2563 not
244 2533 338 2562 much
365 2533 397 2561 in
429 2533 491 2562 this
518 2531 662 2567 remark3
693 2531 742 2560 for
770 2530 872 2569 pieces
900 2529 936 2559 of

157 2577 253 2606 metal
274 2576 355 2605 alike
375 2585 410 2604 or
434 2579 491 2604 not
518 2584 574 2603 can
596 2574 670 2613 only
687 2573 726 2602 be
749 2573 840 2602 made
863 2573 932 2602 into

156 2629 217 2649 one
241 2629 325 2648 mass
348 2618 390 2657 by
414 2618 545 2656 melting
563 2626 599 2646 or
627 2616 669 2655 by
692 2616 766 2645 beat
793 2615 856 2645 and
879 2615 934 2645 the

157 2662 310 2699 hammer.

201 2706 231 2735 6.
268 2705 345 2740 Quis
376 2701 583 2741 clarioribus]
646 2701 731 2730 Who
768 2710 850 2730 were
879 2700 933 2729 the

160 2750 168 2764 ‘
180 2747 324 2777 clariores
336 2745 359 2775 ?’
405 2746 491 2775 Does
512 2744 552 2774 he
575 2753 667 2773 mean
684 2744 719 2773 L.
738 2743 847 2772 Sulla?
871 2743 933 2772 and

157 2790 242 2820 what
271 2790 296 2819 is
321 2788 376 2818 the
404 2787 560 2827 ‘quodam
592 2785 757 2825 tempore,'
783 2786 844 2815 and
875 2786 930 2815 the

160 2836 167 2849 ‘
179 2833 323 2862 meliores
338 2834 444 2870 partes
458 2829 481 2860 ?’
505 2830 531 2859 is
547 2830 572 2859 it
588 2829 626 2859 L.
645 2828 760 2858 Sulla’s
776 2829 853 2858 time
869 2828 930 2857 and

157 2875 273 2905 Sulla's
288 2874 429 2904 faction?
475 2873 508 2903 If
527 2873 581 2902 the
602 2872 713 2901 stories
729 2871 826 2901 about
843 2871 929 2901 Cati-

157 2918 222 2948 lina
250 2927 302 2948 are
332 2920 412 2952 true,
444 2916 485 2946 he
514 2926 576 2946 was
603 2925 621 2945 a
647 2914 753 2944 villain
778 2914 858 2944 from
882 2914 931 2943 his

974 1933 1085 1973 youth,
1119 1932 1182 1962 and
1213 1932 1322 1962 Cicero
1354 1934 1441 1962 must
1470 1932 1549 1962 have
1578 1931 1694 1961 known
1724 1931 1750 1960 it

976 1975 1116 2015 (Introd.
1140 1979 1173 2005 to
1198 1975 1252 2005 the
1272 1975 1422 2005 Orations
1445 1975 1567 2014 against
1586 1973 1748 2014 Catilina).

974 2019 1129 2058 Compare
1142 2019 1200 2048 Pro
1215 2018 1333 2054 Caelio,
1345 2028 1370 2047 c.
1386 2020 1437 2053 32,
1451 2020 1469 2034 ‘⁴
1479 2018 1578 2047 civem
1596 2017 1750 2047 bonarum

974 2062 1100 2098 artium,
1119 2061 1273 2090 bonarum
1290 2059 1464 2099 partium.''

1017 2105 1101 2134 tueri
1128 2104 1291 2143 obsequio]
1339 2103 1489 2139 Terence,
1518 2102 1649 2137 Andria,
1670 2102 1691 2132 i.
1720 2103 1747 2132 l.

973 2147 1015 2176 35
1030 2159 1036 2176 ε

975 2205 1060 2235 “Sic
1086 2205 1151 2234 vita
1175 2208 1261 2235 erat:
1293 2204 1382 2234 facile
1407 2214 1517 2234 omnes
1548 2203 1685 2244 perferre
1711 2213 1748 2233 ac

1060 2248 1126 2287 pati

1007 2291 1089 2321 Cum
1120 2290 1235 2330 quibus
1265 2292 1332 2320 erat
1361 2299 1486 2329 cunque
1515 2299 1590 2328 una,
1613 2289 1650 2319 iis
1681 2298 1748 2319 sese

1062 2334 1186 2368 dedere,

1007 2376 1126 2407 Eorum
1144 2376 1255 2406 studiis
1272 2374 1435 2414 obsequi,''

1018 2446 1086 2473 tum
1103 2445 1198 2473 etiam
1219 2443 1336 2472 multos
1349 2443 1459 2481 fortes
1479 2443 1564 2472 viros
1585 2445 1615 2472 et
1635 2442 1745 2481 bonos]

975 2486 1044 2516 The
1074 2496 1147 2515 man
1172 2485 1233 2514 had
1259 2489 1312 2523 got
1336 2485 1433 2515 about
1456 2485 1521 2514 him
1545 2485 1585 2515 all
1608 2485 1664 2515 the
1686 2485 1748 2514 bad

975 2529 1038 2558 and
1054 2529 1217 2568 desperate
1233 2529 1350 2558 fellows
1369 2528 1450 2557 from
1472 2528 1513 2557 all
1534 2531 1621 2567 parts
1643 2528 1678 2558 of
1694 2528 1750 2557 the

976 2571 1085 2601 world.
1140 2571 1211 2600 One
1242 2571 1344 2600 would
1382 2571 1460 2600 have
1498 2571 1656 2610 supposed
1693 2571 1749 2600 the

978 2614 1094 2644 maxim
1111 2617 1118 2630 ‘
1129 2614 1268 2643 noscitur
1283 2624 1302 2643 a
1318 2614 1408 2643 sociis
1419 2613 1426 2626 ’
1443 2614 1545 2643 would
1569 2614 1647 2643 have
1667 2613 1748 2643 been

977 2657 1117 2695 warning
1138 2657 1262 2695 enough
1279 2661 1311 2686 to
1327 2657 1382 2686 the
1398 2660 1405 2672 ⁴
1419 2656 1514 2686 fortes
1532 2657 1590 2686 viri
1606 2660 1637 2686 et
1651 2656 1728 2687 boni
1740 2655 1748 2668 ’

977 2703 1009 2730 to
1025 2700 1104 2738 keep
1121 2699 1202 2729 clear
1217 2699 1252 2729 of
1265 2700 1341 2729 such
1357 2710 1375 2728 a
1390 2709 1474 2728 man.

1010 2742 1206 2781 facilitatis]
1255 2742 1284 2771 A
1306 2742 1382 2771 kind
1406 2742 1442 2771 of
1460 2741 1542 2780 good
1565 2744 1688 2777 nature,
1713 2750 1750 2770 01·

974 2788 1127 2824 apparent
1147 2785 1228 2824 good
1249 2788 1372 2821 nature,
1395 2795 1413 2814 a
1434 2785 1623 2822 willingness
1646 2783 1708 2813 and
1731 2793 1750 2812 a

975 2837 1079 2867 power
1102 2830 1136 2856 to
1164 2828 1255 2857 make
1282 2827 1412 2857 himself
1432 2826 1748 2865 agreeable.—‘oon-

975 2870 1052 2900 ditio
1067 2869 1086 2899 :'
1127 2870 1181 2899 the
1219 2873 1225 2887 ‘
1244 2870 1382 2900 conditio
1397 2869 1405 2884 '
1442 2869 1468 2898 is
1506 2868 1672 2907 explained
1706 2867 1748 2907 by

977 2916 984 2930 ‘
998 2911 1214 2943 familiaritas!
1259 2913 1292 2943 It
1311 2913 1338 2942 is
1358 2923 1376 2942 a
1396 2911 1483 2942 word
1500 2911 1602 2941 which
1625 2921 1671 2941 we
1691 2920 1749 2940 can
