<?xml version="1.0" encoding="UTF-8"?>
<!DOCTYPE html PUBLIC "-//W3C//DTD XHTML 1.0 Transitional//EN"
    "http://www.w3.org/TR/xhtml1/DTD/xhtml1-transitional.dtd">
<html xmlns="http://www.w3.org/1999/xhtml" xml:lang="en" lang="en">
 <head>
  <title>
</title>
<meta http-equiv="Content-Type" content="text/html;charset=utf-8" />
  <meta name='ocr-system' content='tesseract 3.04.00' />
  <meta name='ocr-capabilities' content='ocr_page ocr_carea ocr_par ocr_line ocrx_word'/>
</head>
<body>
  <div class='ocr_page' id='page_1' title='image "./orationeswithcom04ciceuoft/orationeswithcom04ciceuoft_0319.png"; bbox 0 0 1816 3211; ppageno 0'>
   <div class='ocr_carea' id='block_1_1' title="bbox 714 207 1656 252">
    <p class='ocr_par' dir='ltr' id='par_1_1' title="bbox 714 207 1656 252">
     <span class='ocr_line' id='line_1_1' title="bbox 714 207 1656 252; baseline 0.002 -2"><span class='ocrx_word' id='word_1_1' title='bbox 714 208 847 250; x_wconf 79' lang='lat' dir='ltr'>OAP.</span> <span class='ocrx_word' id='word_1_2' title='bbox 882 210 1007 250; x_wconf 87' lang='lat'>3—5.</span> <span class='ocrx_word' id='word_1_3' title='bbox 1573 207 1656 252; x_wconf 75' lang='lat'>297</span> 
     </span>
    </p>
   </div>
   <div class='ocr_carea' id='block_1_2' title="bbox 63 321 1662 1927">
    <p class='ocr_par' dir='ltr' id='par_1_2' title="bbox 63 321 1662 1927">
     <span class='ocr_line' id='line_1_2' title="bbox 67 321 1658 378; baseline 0.001 -15"><span class='ocrx_word' id='word_1_4' title='bbox 67 327 222 378; x_wconf 86' lang='lat' dir='ltr'>quanta</span> <span class='ocrx_word' id='word_1_5' title='bbox 243 337 406 364; x_wconf 89' lang='lat' dir='ltr'>summa</span> <span class='ocrx_word' id='word_1_6' title='bbox 425 323 561 365; x_wconf 90' lang='lat' dir='ltr'>litium</span> <span class='ocrx_word' id='word_1_7' title='bbox 582 323 662 364; x_wconf 88' lang='lat' dir='ltr'>fuit</span> <span class='ocrx_word' id='word_1_8' title='bbox 682 322 836 378; x_wconf 91' lang='lat' dir='ltr'>populo</span> <span class='ocrx_word' id='word_1_9' title='bbox 860 321 1036 376; x_wconf 88' lang='lat' dir='ltr'>[servari</span> <span class='ocrx_word' id='word_1_10' title='bbox 1058 322 1237 377; x_wconf 89' lang='lat' dir='ltr'>potest].</span> <span class='ocrx_word' id='word_1_11' title='bbox 1297 321 1328 362; x_wconf 85' lang='lat' dir='ltr'><strong>J</strong></span> <span class='ocrx_word' id='word_1_12' title='bbox 1331 322 1432 362; x_wconf 89' lang='lat' dir='ltr'>ubet</span> <span class='ocrx_word' id='word_1_13' title='bbox 1453 321 1520 362; x_wconf 85' lang='lat' dir='ltr'>lex</span> <span class='ocrx_word' id='word_1_14' title='bbox 1541 322 1571 361; x_wconf 82' lang='lat' dir='ltr'><strong>J</strong></span> <span class='ocrx_word' id='word_1_15' title='bbox 1575 322 1658 364; x_wconf 84' lang='lat' dir='ltr'>ulia</span> 
     </span>
     <span class='ocr_line' id='line_1_3' title="bbox 64 386 1659 444; baseline 0 -17"><span class='ocrx_word' id='word_1_16' title='bbox 64 388 256 442; x_wconf 81' lang='lat' dir='ltr'>persequi</span> <span class='ocrx_word' id='word_1_17' title='bbox 278 389 331 428; x_wconf 86' lang='lat' dir='ltr'>ab</span> <span class='ocrx_word' id='word_1_18' title='bbox 352 388 400 429; x_wconf 88' lang='lat' dir='ltr'>iis</span> <span class='ocrx_word' id='word_1_19' title='bbox 421 389 474 429; x_wconf 89' lang='lat' dir='ltr'>ad</span> <span class='ocrx_word' id='word_1_20' title='bbox 505 404 610 444; x_wconf 91' lang='lat' dir='ltr'>quos</span> <span class='ocrx_word' id='word_1_21' title='bbox 641 403 691 430; x_wconf 87' lang='lat' dir='ltr'>ea</span> <span class='ocrx_word' id='word_1_22' title='bbox 720 388 909 443; x_wconf 89' lang='lat' dir='ltr'>pecunia,</span> <span class='ocrx_word' id='word_1_23' title='bbox 931 401 1056 442; x_wconf 90' lang='lat' dir='ltr'>quam</span> <span class='ocrx_word' id='word_1_24' title='bbox 1087 387 1122 427; x_wconf 93' lang='lat' dir='ltr'>is</span> <span class='ocrx_word' id='word_1_25' title='bbox 1155 386 1315 442; x_wconf 77' lang='lat' dir='ltr'>ceperit</span> <span class='ocrx_word' id='word_1_26' title='bbox 1337 386 1407 441; x_wconf 91' lang='lat' dir='ltr'>qui</span> <span class='ocrx_word' id='word_1_27' title='bbox 1435 387 1659 428; x_wconf 85' lang='lat' dir='ltr'>damnatus</span> 
     </span>
     <span class='ocr_line' id='line_1_4' title="bbox 64 451 1659 507; baseline 0.001 -15"><span class='ocrx_word' id='word_1_28' title='bbox 64 452 132 502; x_wconf 87' lang='lat' dir='ltr'>sit,</span> <span class='ocrx_word' id='word_1_29' title='bbox 156 453 402 507; x_wconf 88' lang='lat' dir='ltr'>pervenerit.</span> <span class='ocrx_word' id='word_1_30' title='bbox 467 453 510 494; x_wconf 86' lang='lat' dir='ltr'>Si</span> <span class='ocrx_word' id='word_1_31' title='bbox 542 459 607 495; x_wconf 90' lang='lat' dir='ltr'>est</span> <span class='ocrx_word' id='word_1_32' title='bbox 637 454 717 494; x_wconf 90' lang='lat' dir='ltr'>hoc</span> <span class='ocrx_word' id='word_1_33' title='bbox 748 468 901 494; x_wconf 90' lang='lat' dir='ltr'>novum</span> <span class='ocrx_word' id='word_1_34' title='bbox 932 452 973 492; x_wconf 91' lang='lat' dir='ltr'>in</span> <span class='ocrx_word' id='word_1_35' title='bbox 994 452 1086 506; x_wconf 87' lang='lat' dir='ltr'>lege</span> <span class='ocrx_word' id='word_1_36' title='bbox 1108 451 1138 491; x_wconf 86' lang='lat' dir='ltr'>J</span> <span class='ocrx_word' id='word_1_37' title='bbox 1141 451 1235 492; x_wconf 89' lang='lat' dir='ltr'>ulia.</span> <span class='ocrx_word' id='word_1_38' title='bbox 1260 451 1385 492; x_wconf 89' lang='lat' dir='ltr'>sicuti</span> <span class='ocrx_word' id='word_1_39' title='bbox 1407 451 1539 493; x_wconf 84' lang='lat' dir='ltr'>multa</span> <span class='ocrx_word' id='word_1_40' title='bbox 1559 457 1659 493; x_wconf 88' lang='lat' dir='ltr'>sunt</span> 
     </span>
     <span class='ocr_line' id='line_1_5' title="bbox 64 517 1659 574; baseline -0.001 -17"><span class='ocrx_word' id='word_1_41' title='bbox 64 517 247 558; x_wconf 88' lang='lat' dir='ltr'>severius</span> <span class='ocrx_word' id='word_1_42' title='bbox 279 517 437 573; x_wconf 86' lang='lat' dir='ltr'>scripta</span> <span class='ocrx_word' id='word_1_43' title='bbox 463 533 588 574; x_wconf 88' lang='lat' dir='ltr'>quam</span> <span class='ocrx_word' id='word_1_44' title='bbox 628 519 669 559; x_wconf 91' lang='lat' dir='ltr'>in</span> <span class='ocrx_word' id='word_1_45' title='bbox 705 518 888 573; x_wconf 79' lang='lat' dir='ltr'>antiquis</span> <span class='ocrx_word' id='word_1_46' title='bbox 920 517 1083 571; x_wconf 84' lang='lat' dir='ltr'>legibus</span> <span class='ocrx_word' id='word_1_47' title='bbox 1124 521 1166 557; x_wconf 90' lang='lat' dir='ltr'>et</span> <span class='ocrx_word' id='word_1_48' title='bbox 1198 517 1397 566; x_wconf 87' lang='lat' dir='ltr'>sanctius,</span> <span class='ocrx_word' id='word_1_49' title='bbox 1436 517 1659 557; x_wconf 82' lang='lat' dir='ltr'>inducatur</span> 
     </span>
     <span class='ocr_line' id='line_1_6' title="bbox 63 581 1659 638; baseline 0 -16"><span class='ocrx_word' id='word_1_50' title='bbox 63 596 163 622; x_wconf 89' lang='lat' dir='ltr'>sane</span> <span class='ocrx_word' id='word_1_51' title='bbox 196 582 325 623; x_wconf 88' lang='lat' dir='ltr'>etiam</span> <span class='ocrx_word' id='word_1_52' title='bbox 362 584 622 624; x_wconf 89' lang='lat' dir='ltr'>consuetudo</span> <span class='ocrx_word' id='word_1_53' title='bbox 656 584 781 638; x_wconf 87' lang='lat' dir='ltr'>hujus</span> <span class='ocrx_word' id='word_1_54' title='bbox 812 582 977 637; x_wconf 85' lang='lat' dir='ltr'>generis</span> <span class='ocrx_word' id='word_1_55' title='bbox 1005 581 1258 636; x_wconf 87' lang='lat' dir='ltr'>judiciorum</span> <span class='ocrx_word' id='word_1_56' title='bbox 1294 596 1414 622; x_wconf 88' lang='lat' dir='ltr'>nova.</span> <span class='ocrx_word' id='word_1_57' title='bbox 1478 581 1550 621; x_wconf 88' lang='lat' dir='ltr'>Sin</span> <span class='ocrx_word' id='word_1_58' title='bbox 1579 581 1659 622; x_wconf 90' lang='lat' dir='ltr'>hoc</span> 
     </span>
     <span class='ocr_line' id='line_1_7' title="bbox 63 646 1659 702; baseline -0.001 -15"><span class='ocrx_word' id='word_1_59' title='bbox 63 647 242 687; x_wconf 87' lang='lat' dir='ltr'>totidem</span> <span class='ocrx_word' id='word_1_60' title='bbox 284 648 420 688; x_wconf 85' lang='lat' dir='ltr'>verbis</span> <span class='ocrx_word' id='word_1_61' title='bbox 459 648 710 690; x_wconf 85' lang='lat' dir='ltr'>translatum</span> <span class='ocrx_word' id='word_1_62' title='bbox 753 653 881 702; x_wconf 87' lang='lat' dir='ltr'>caput</span> <span class='ocrx_word' id='word_1_63' title='bbox 922 652 999 696; x_wconf 87' lang='lat' dir='ltr'>est,</span> <span class='ocrx_word' id='word_1_64' title='bbox 1043 647 1153 701; x_wconf 90' lang='lat' dir='ltr'>quod</span> <span class='ocrx_word' id='word_1_65' title='bbox 1192 646 1272 686; x_wconf 88' lang='lat' dir='ltr'>fuit</span> <span class='ocrx_word' id='word_1_66' title='bbox 1312 661 1394 686; x_wconf 91' lang='lat' dir='ltr'>non</span> <span class='ocrx_word' id='word_1_67' title='bbox 1441 646 1566 686; x_wconf 89' lang='lat' dir='ltr'>modo</span> <span class='ocrx_word' id='word_1_68' title='bbox 1617 646 1659 687; x_wconf 89' lang='lat' dir='ltr'>in</span> 
     </span>
     <span class='ocr_line' id='line_1_8' title="bbox 65 711 1654 766; baseline 0 -14"><span class='ocrx_word' id='word_1_69' title='bbox 65 711 266 760; x_wconf 81' lang='lat' dir='ltr'>Cornelia,</span> <span class='ocrx_word' id='word_1_70' title='bbox 300 712 373 752; x_wconf 90' lang='lat' dir='ltr'>sed</span> <span class='ocrx_word' id='word_1_71' title='bbox 408 712 534 753; x_wconf 82' lang='lat' dir='ltr'>etiam</span> <span class='ocrx_word' id='word_1_72' title='bbox 575 719 674 754; x_wconf 90' lang='lat' dir='ltr'>ante</span> <span class='ocrx_word' id='word_1_73' title='bbox 706 713 747 753; x_wconf 91' lang='lat' dir='ltr'>in</span> <span class='ocrx_word' id='word_1_74' title='bbox 779 712 871 766; x_wconf 82' lang='lat' dir='ltr'>lege</span> <span class='ocrx_word' id='word_1_75' title='bbox 910 711 1094 761; x_wconf 84' lang='lat' dir='ltr'>Servilia,</span> <span class='ocrx_word' id='word_1_76' title='bbox 1133 726 1205 766; x_wconf 88' lang='lat' dir='ltr'>per</span> <span class='ocrx_word' id='word_1_77' title='bbox 1238 712 1338 752; x_wconf 90' lang='lat' dir='ltr'>deos</span> <span class='ocrx_word' id='word_1_78' title='bbox 1370 711 1654 752; x_wconf 84' lang='lat' dir='ltr'>immortales!</span> 
     </span>
     <span class='ocr_line' id='line_1_9' title="bbox 64 776 1659 832; baseline 0.001 -16"><span class='ocrx_word' id='word_1_79' title='bbox 64 776 164 831; x_wconf 88' lang='lat' dir='ltr'>quid</span> <span class='ocrx_word' id='word_1_80' title='bbox 184 776 360 830; x_wconf 77' lang='lat' dir='ltr'>agimus,</span> <span class='ocrx_word' id='word_1_81' title='bbox 391 777 567 830; x_wconf 86' lang='lat' dir='ltr'>judices,</span> <span class='ocrx_word' id='word_1_82' title='bbox 600 783 674 818; x_wconf 86' lang='lat' dir='ltr'>aut</span> <span class='ocrx_word' id='word_1_83' title='bbox 705 792 828 832; x_wconf 88' lang='lat' dir='ltr'>quem</span> <span class='ocrx_word' id='word_1_84' title='bbox 857 777 967 816; x_wconf 92' lang='lat' dir='ltr'>hunc</span> <span class='ocrx_word' id='word_1_85' title='bbox 999 791 1159 816; x_wconf 89' lang='lat' dir='ltr'>morem</span> <span class='ocrx_word' id='word_1_86' title='bbox 1180 790 1382 816; x_wconf 86' lang='lat' dir='ltr'>novorum</span> <span class='ocrx_word' id='word_1_87' title='bbox 1406 776 1659 830; x_wconf 84' lang='lat' dir='ltr'>judiciorum</span> 
     </span>
     <span class='ocr_line' id='line_1_10' title="bbox 63 840 1660 896; baseline 0.001 -15"><span class='ocrx_word' id='word_1_88' title='bbox 63 841 106 881; x_wconf 91' lang='lat' dir='ltr'>in</span> <span class='ocrx_word' id='word_1_89' title='bbox 145 856 233 882; x_wconf 90' lang='lat' dir='ltr'>rem</span> <span class='ocrx_word' id='word_1_90' title='bbox 265 841 477 896; x_wconf 83' lang='lat' dir='ltr'>publicam</span> <span class='ocrx_word' id='word_1_91' title='bbox 513 842 769 882; x_wconf 65' lang='lat' dir='ltr'>inducimus?</span> <span class='ocrx_word' id='word_1_92' title='bbox 829 840 936 881; x_wconf 74' lang='lat' dir='ltr'>Erat</span> <span class='ocrx_word' id='word_1_93' title='bbox 968 841 1077 881; x_wconf 84' lang='lat' dir='ltr'>enim</span> <span class='ocrx_word' id='word_1_94' title='bbox 1114 841 1217 880; x_wconf 90' lang='lat' dir='ltr'>haec</span> <span class='ocrx_word' id='word_1_95' title='bbox 1258 841 1517 881; x_wconf 84' lang='lat' dir='ltr'>consuetudo</span> <span class='ocrx_word' id='word_1_96' title='bbox 1557 847 1660 882; x_wconf 87' lang='lat' dir='ltr'>nota</span> 
     </span>
     <span class='ocr_line' id='line_1_11' title="bbox 63 902 1659 958; baseline -0.001 -14"><span class='ocrx_word' id='word_1_97' title='bbox 63 903 180 944; x_wconf 84' lang='lat' dir='ltr'>vobis</span> <span class='ocrx_word' id='word_1_98' title='bbox 213 903 379 958; x_wconf 89' lang='lat' dir='ltr'>quidem</span> <span class='ocrx_word' id='word_1_99' title='bbox 412 904 617 952; x_wconf 82' lang='lat' dir='ltr'>omnibus,</span> <span class='ocrx_word' id='word_1_100' title='bbox 652 904 736 952; x_wconf 87' lang='lat' dir='ltr'>sed,</span> <span class='ocrx_word' id='word_1_101' title='bbox 775 903 810 944; x_wconf 87' lang='lat' dir='ltr'>si</span> <span class='ocrx_word' id='word_1_102' title='bbox 843 917 943 943; x_wconf 89' lang='lat' dir='ltr'>usus</span> <span class='ocrx_word' id='word_1_103' title='bbox 976 902 1179 957; x_wconf 80' lang='lat' dir='ltr'>magister</span> <span class='ocrx_word' id='word_1_104' title='bbox 1219 907 1284 943; x_wconf 88' lang='lat' dir='ltr'>est</span> <span class='ocrx_word' id='word_1_105' title='bbox 1325 903 1520 957; x_wconf 89' lang='lat' dir='ltr'>optimus,</span> <span class='ocrx_word' id='word_1_106' title='bbox 1559 903 1659 943; x_wconf 92' lang='lat' dir='ltr'>mihi</span> 
     </span>
     <span class='ocr_line' id='line_1_12' title="bbox 64 967 1657 1023; baseline 0 -15"><span class='ocrx_word' id='word_1_107' title='bbox 64 968 188 1009; x_wconf 87' lang='lat' dir='ltr'>debet</span> <span class='ocrx_word' id='word_1_108' title='bbox 209 983 300 1009; x_wconf 88' lang='lat' dir='ltr'>esse</span> <span class='ocrx_word' id='word_1_109' title='bbox 320 969 551 1010; x_wconf 86' lang='lat' dir='ltr'>notissima.</span> <span class='ocrx_word' id='word_1_110' title='bbox 613 967 823 1010; x_wconf 83' lang='lat' dir='ltr'>Accusavi</span> <span class='ocrx_word' id='word_1_111' title='bbox 846 968 896 1008; x_wconf 89' lang='lat' dir='ltr'>de</span> <span class='ocrx_word' id='word_1_112' title='bbox 918 967 1105 1023; x_wconf 89' lang='lat' dir='ltr'>pecuniis</span> <span class='ocrx_word' id='word_1_113' title='bbox 1126 968 1383 1022; x_wconf 80' lang='lat' dir='ltr'>repetundiS,</span> <span class='ocrx_word' id='word_1_114' title='bbox 1402 968 1535 1022; x_wconf 89' lang='lat' dir='ltr'>judex</span> <span class='ocrx_word' id='word_1_115' title='bbox 1556 968 1657 1019; x_wconf 80' lang='lat' dir='ltr'>sedi,</span> 
     </span>
     <span class='ocr_line' id='line_1_13' title="bbox 63 1029 1660 1085; baseline 0 -15"><span class='ocrx_word' id='word_1_116' title='bbox 63 1035 233 1084; x_wconf 85' lang='lat' dir='ltr'>praetor</span> <span class='ocrx_word' id='word_1_117' title='bbox 273 1030 469 1085; x_wconf 86' lang='lat' dir='ltr'>quaesivi,</span> <span class='ocrx_word' id='word_1_118' title='bbox 513 1031 678 1071; x_wconf 88' lang='lat' dir='ltr'>defendi</span> <span class='ocrx_word' id='word_1_119' title='bbox 727 1029 942 1085; x_wconf 89' lang='lat' dir='ltr'>plurimos.</span> <span class='ocrx_word' id='word_1_120' title='bbox 1018 1029 1142 1070; x_wconf 85' lang='lat' dir='ltr'>Nulla</span> <span class='ocrx_word' id='word_1_121' title='bbox 1182 1044 1289 1084; x_wconf 86' lang='lat' dir='ltr'>pars,</span> <span class='ocrx_word' id='word_1_122' title='bbox 1333 1044 1439 1084; x_wconf 85' lang='lat' dir='ltr'>quae</span> <span class='ocrx_word' id='word_1_123' title='bbox 1479 1030 1660 1085; x_wconf 83' lang='lat' dir='ltr'>aliquam</span> 
     </span>
     <span class='ocr_line' id='line_1_14' title="bbox 64 1094 1656 1149; baseline 0.001 -15"><span class='ocrx_word' id='word_1_124' title='bbox 64 1094 309 1136; x_wconf 71' lang='lat' dir='ltr'>facultatem</span> <span class='ocrx_word' id='word_1_125' title='bbox 349 1095 537 1136; x_wconf 91' lang='lat' dir='ltr'>discendi</span> <span class='ocrx_word' id='word_1_126' title='bbox 578 1096 727 1136; x_wconf 81' lang='lat' dir='ltr'>afferre</span> <span class='ocrx_word' id='word_1_127' title='bbox 767 1101 923 1149; x_wconf 85' lang='lat' dir='ltr'>posset,</span> <span class='ocrx_word' id='word_1_128' title='bbox 966 1109 991 1134; x_wconf 84' lang='lat' dir='ltr'>a</span> <span class='ocrx_word' id='word_1_129' title='bbox 1021 1109 1087 1135; x_wconf 77' lang='lat' dir='ltr'>nie</span> <span class='ocrx_word' id='word_1_130' title='bbox 1119 1094 1238 1135; x_wconf 81' lang='lat' dir='ltr'>afuit..</span> <span class='ocrx_word' id='word_1_131' title='bbox 1314 1094 1383 1135; x_wconf 83' lang='lat' dir='ltr'>Ita</span> <span class='ocrx_word' id='word_1_132' title='bbox 1424 1096 1656 1136; x_wconf 87' lang='lat' dir='ltr'>contendo:</span> 
     </span>
     <span class='ocr_line' id='line_1_15' title="bbox 63 1155 1657 1215; baseline 0.001 -16"><span class='ocrx_word' id='word_1_133' title='bbox 63 1159 270 1200; x_wconf 88' lang='lat' dir='ltr'>neminem</span> <span class='ocrx_word' id='word_1_134' title='bbox 291 1175 487 1215; x_wconf 90' lang='lat' dir='ltr'>umquam</span> <span class='ocrx_word' id='word_1_135' title='bbox 511 1175 596 1204; x_wconf 80' lang='lat' dir='ltr'>Quo</span> <span class='ocrx_word' id='word_1_136' title='bbox 619 1175 679 1201; x_wconf 73' lang='lat' dir='ltr'>EA</span> <span class='ocrx_word' id='word_1_137' title='bbox 703 1174 903 1200; x_wconf 79' lang='lat' dir='ltr'>PECUNIA</span> <span class='ocrx_word' id='word_1_138' title='bbox 926 1155 1238 1200; x_wconf 60' lang='lat' dir='ltr'>PER&#39;VENJSSET</span> <span class='ocrx_word' id='word_1_139' title='bbox 1266 1174 1456 1200; x_wconf 81' lang='lat' dir='ltr'>caussam</span> <span class='ocrx_word' id='word_1_140' title='bbox 1489 1160 1657 1211; x_wconf 81' lang='lat' dir='ltr'>dixisse,</span> 
     </span>
     <span class='ocr_line' id='line_1_16' title="bbox 65 1223 1660 1280; baseline 0.002 -17"><span class='ocrx_word' id='word_1_141' title='bbox 65 1223 198 1278; x_wconf 89' lang='lat' dir='ltr'>quiin</span> <span class='ocrx_word' id='word_1_142' title='bbox 219 1224 490 1265; x_wconf 81' lang='lat' dir='ltr'>aestimandis</span> <span class='ocrx_word' id='word_1_143' title='bbox 520 1225 666 1266; x_wconf 89' lang='lat' dir='ltr'>litibus</span> <span class='ocrx_word' id='word_1_144' title='bbox 696 1225 932 1280; x_wconf 85' lang='lat' dir='ltr'>appellatus</span> <span class='ocrx_word' id='word_1_145' title='bbox 962 1239 1044 1264; x_wconf 92' lang='lat' dir='ltr'>non</span> <span class='ocrx_word' id='word_1_146' title='bbox 1076 1231 1202 1266; x_wconf 89' lang='lat' dir='ltr'>esset.</span> <span class='ocrx_word' id='word_1_147' title='bbox 1266 1225 1315 1265; x_wconf 90' lang='lat' dir='ltr'>In</span> <span class='ocrx_word' id='word_1_148' title='bbox 1346 1225 1488 1266; x_wconf 90' lang='lat' dir='ltr'>litibus</span> <span class='ocrx_word' id='word_1_149' title='bbox 1518 1231 1660 1267; x_wconf 88' lang='lat' dir='ltr'>autem</span> 
     </span>
     <span class='ocr_line' id='line_1_17' title="bbox 65 1288 1659 1344; baseline 0.002 -16"><span class='ocrx_word' id='word_1_150' title='bbox 65 1303 187 1329; x_wconf 87' lang='lat' dir='ltr'>nemo</span> <span class='ocrx_word' id='word_1_151' title='bbox 219 1288 510 1343; x_wconf 88' lang='lat' dir='ltr'>appellabatur</span> <span class='ocrx_word' id='word_1_152' title='bbox 554 1290 632 1329; x_wconf 89' lang='lat' dir='ltr'>nisi</span> <span class='ocrx_word' id='word_1_153' title='bbox 666 1305 719 1330; x_wconf 85' lang='lat' dir='ltr'>ex</span> <span class='ocrx_word' id='word_1_154' title='bbox 751 1289 924 1330; x_wconf 86' lang='lat' dir='ltr'>testium</span> <span class='ocrx_word' id='word_1_155' title='bbox 954 1289 1078 1330; x_wconf 88' lang='lat' dir='ltr'>dictis</span> <span class='ocrx_word' id='word_1_156' title='bbox 1112 1294 1186 1330; x_wconf 87' lang='lat' dir='ltr'>aut</span> <span class='ocrx_word' id='word_1_157' title='bbox 1214 1289 1369 1330; x_wconf 86' lang='lat' dir='ltr'>tabulis</span> <span class='ocrx_word' id='word_1_158' title='bbox 1404 1290 1659 1344; x_wconf 82' lang='lat' dir='ltr'>privatorum</span> 
     </span>
     <span class='ocr_line' id='line_1_18' title="bbox 65 1352 1659 1408; baseline 0.001 -14"><span class='ocrx_word' id='word_1_159' title='bbox 65 1358 140 1394; x_wconf 87' lang='lat' dir='ltr'>aut</span> <span class='ocrx_word' id='word_1_160' title='bbox 161 1352 394 1394; x_wconf 85' lang='lat' dir='ltr'>rationibus</span> <span class='ocrx_word' id='word_1_161' title='bbox 415 1353 647 1394; x_wconf 83' lang='lat' dir='ltr'>civitatum.</span> <span class='ocrx_word' id='word_1_162' title='bbox 711 1354 862 1408; x_wconf 85' lang='lat' dir='ltr'>Itaque</span> <span class='ocrx_word' id='word_1_163' title='bbox 893 1354 935 1393; x_wconf 90' lang='lat' dir='ltr'>in</span> <span class='ocrx_word' id='word_1_164' title='bbox 967 1353 1193 1394; x_wconf 83' lang='lat' dir='ltr'>inferendis</span> <span class='ocrx_word' id='word_1_165' title='bbox 1223 1353 1366 1393; x_wconf 89' lang='lat' dir='ltr'>litibus</span> <span class='ocrx_word' id='word_1_166' title='bbox 1387 1355 1534 1395; x_wconf 87' lang='lat' dir='ltr'>adesse</span> <span class='ocrx_word' id='word_1_167' title='bbox 1555 1356 1659 1395; x_wconf 88' lang='lat' dir='ltr'>sole-</span> 
     </span>
     <span class='ocr_line' id='line_1_19' title="bbox 66 1417 1659 1473; baseline 0.001 -14"><span class='ocrx_word' id='word_1_168' title='bbox 66 1419 170 1459; x_wconf 86' lang='lat' dir='ltr'>bant</span> <span class='ocrx_word' id='word_1_169' title='bbox 209 1417 277 1472; x_wconf 90' lang='lat' dir='ltr'>qui</span> <span class='ocrx_word' id='word_1_170' title='bbox 319 1417 472 1472; x_wconf 86' lang='lat' dir='ltr'>aliquid</span> <span class='ocrx_word' id='word_1_171' title='bbox 503 1418 553 1458; x_wconf 91' lang='lat' dir='ltr'>de</span> <span class='ocrx_word' id='word_1_172' title='bbox 585 1432 630 1458; x_wconf 90' lang='lat' dir='ltr'>se</span> <span class='ocrx_word' id='word_1_173' title='bbox 659 1418 937 1465; x_wconf 84' lang='lat' dir='ltr'>verebantur;</span> <span class='ocrx_word' id='word_1_174' title='bbox 986 1425 1028 1458; x_wconf 88' lang='lat' dir='ltr'>et</span> <span class='ocrx_word' id='word_1_175' title='bbox 1060 1432 1188 1472; x_wconf 90' lang='lat' dir='ltr'>quum</span> <span class='ocrx_word' id='word_1_176' title='bbox 1225 1423 1345 1459; x_wconf 85' lang='lat' dir='ltr'>erant</span> <span class='ocrx_word' id='word_1_177' title='bbox 1376 1420 1587 1473; x_wconf 86' lang='lat' dir='ltr'>appellati,</span> <span class='ocrx_word' id='word_1_178' title='bbox 1625 1420 1659 1460; x_wconf 93' lang='lat' dir='ltr'>si</span> 
     </span>
     <span class='ocr_line' id='line_1_20' title="bbox 66 1482 1659 1539; baseline 0.002 -16"><span class='ocrx_word' id='word_1_179' title='bbox 66 1483 297 1531; x_wconf 86' lang='lat' dir='ltr'>videbatur,</span> <span class='ocrx_word' id='word_1_180' title='bbox 335 1483 481 1523; x_wconf 86' lang='lat' dir='ltr'>statim</span> <span class='ocrx_word' id='word_1_181' title='bbox 515 1487 663 1524; x_wconf 85' lang='lat' dir='ltr'>contra</span> <span class='ocrx_word' id='word_1_182' title='bbox 698 1483 837 1523; x_wconf 80' lang='lat' dir='ltr'>dicere</span> <span class='ocrx_word' id='word_1_183' title='bbox 878 1482 1094 1524; x_wconf 87' lang='lat' dir='ltr'>solebant:</span> <span class='ocrx_word' id='word_1_184' title='bbox 1142 1482 1204 1523; x_wconf 90' lang='lat' dir='ltr'>sin</span> <span class='ocrx_word' id='word_1_185' title='bbox 1241 1483 1331 1537; x_wconf 88' lang='lat' dir='ltr'>ejus</span> <span class='ocrx_word' id='word_1_186' title='bbox 1364 1486 1566 1539; x_wconf 90' lang='lat' dir='ltr'>temporis</span> <span class='ocrx_word' id='word_1_187' title='bbox 1597 1500 1659 1526; x_wconf 90' lang='lat' dir='ltr'>re-</span> 
     </span>
     <span class='ocr_line' id='line_1_21' title="bbox 66 1547 1660 1605; baseline 0.001 -17"><span class='ocrx_word' id='word_1_188' title='bbox 66 1552 231 1588; x_wconf 88' lang='lat' dir='ltr'>centem</span> <span class='ocrx_word' id='word_1_189' title='bbox 252 1547 449 1587; x_wconf 79' lang='lat' dir='ltr'>invidiam</span> <span class='ocrx_word' id='word_1_190' title='bbox 478 1547 794 1601; x_wconf 84' lang='lat' dir='ltr'>pertimuerant,</span> <span class='ocrx_word' id='word_1_191' title='bbox 818 1548 1128 1602; x_wconf 84' lang='lat' dir='ltr'>respondebant</span> <span class='ocrx_word' id='word_1_192' title='bbox 1158 1552 1316 1602; x_wconf 83' lang='lat' dir='ltr'>postea.</span> <span class='ocrx_word' id='word_1_193' title='bbox 1380 1549 1501 1601; x_wconf 82' lang='lat' dir='ltr'>Quod</span> <span class='ocrx_word' id='word_1_194' title='bbox 1533 1565 1660 1605; x_wconf 90' lang='lat' dir='ltr'>quum</span> 
     </span>
     <span class='ocr_line' id='line_1_22' title="bbox 65 1612 1661 1667; baseline 0.002 -14"><span class='ocrx_word' id='word_1_195' title='bbox 65 1613 275 1662; x_wconf 83' lang='lat' dir='ltr'>fecissent,</span> <span class='ocrx_word' id='word_1_196' title='bbox 300 1612 495 1667; x_wconf 90' lang='lat' dir='ltr'>permulti</span> <span class='ocrx_word' id='word_1_197' title='bbox 527 1626 650 1666; x_wconf 87' lang='lat' dir='ltr'>saepe</span> <span class='ocrx_word' id='word_1_198' title='bbox 672 1612 876 1653; x_wconf 87' lang='lat' dir='ltr'>vicerunt.</span> <span class='ocrx_word' id='word_1_199' title='bbox 939 1612 995 1653; x_wconf 90' lang='lat' dir='ltr'>V.</span> <span class='ocrx_word' id='word_1_200' title='bbox 1031 1612 1127 1653; x_wconf 90' lang='lat' dir='ltr'>Hoc</span> <span class='ocrx_word' id='word_1_201' title='bbox 1150 1627 1246 1653; x_wconf 89' lang='lat' dir='ltr'>vero</span> <span class='ocrx_word' id='word_1_202' title='bbox 1277 1627 1429 1654; x_wconf 78' lang='lat' dir='ltr'>novum</span> <span class='ocrx_word' id='word_1_203' title='bbox 1460 1618 1538 1663; x_wconf 87' lang='lat' dir='ltr'>est,</span> <span class='ocrx_word' id='word_1_204' title='bbox 1562 1620 1661 1656; x_wconf 86' lang='lat' dir='ltr'>ante</span> 
     </span>
     <span class='ocr_line' id='line_1_23' title="bbox 65 1676 1660 1732; baseline 0.002 -14"><span class='ocrx_word' id='word_1_205' title='bbox 65 1678 144 1718; x_wconf 85' lang='lat' dir='ltr'>hoc</span> <span class='ocrx_word' id='word_1_206' title='bbox 164 1681 332 1732; x_wconf 89' lang='lat' dir='ltr'>tempus</span> <span class='ocrx_word' id='word_1_207' title='bbox 353 1676 520 1717; x_wconf 89' lang='lat' dir='ltr'>omnino</span> <span class='ocrx_word' id='word_1_208' title='bbox 542 1677 789 1717; x_wconf 85' lang='lat' dir='ltr'>inauditum.</span> <span class='ocrx_word' id='word_1_209' title='bbox 853 1676 903 1716; x_wconf 91' lang='lat' dir='ltr'>In</span> <span class='ocrx_word' id='word_1_210' title='bbox 924 1676 1067 1717; x_wconf 89' lang='lat' dir='ltr'>litibus</span> <span class='ocrx_word' id='word_1_211' title='bbox 1091 1678 1283 1719; x_wconf 86' lang='lat' dir='ltr'>Postumi</span> <span class='ocrx_word' id='word_1_212' title='bbox 1305 1693 1456 1719; x_wconf 89' lang='lat' dir='ltr'>nomen</span> <span class='ocrx_word' id='word_1_213' title='bbox 1478 1684 1544 1720; x_wconf 86' lang='lat' dir='ltr'>est</span> <span class='ocrx_word' id='word_1_214' title='bbox 1566 1695 1660 1721; x_wconf 86' lang='lat' dir='ltr'>nus-</span> 
     </span>
     <span class='ocr_line' id='line_1_24' title="bbox 65 1741 1661 1799; baseline 0.002 -17"><span class='ocrx_word' id='word_1_215' title='bbox 65 1756 203 1797; x_wconf 89' lang='lat' dir='ltr'>quam.</span> <span class='ocrx_word' id='word_1_216' title='bbox 266 1742 317 1782; x_wconf 85' lang='grc'>111</span> <span class='ocrx_word' id='word_1_217' title='bbox 347 1741 490 1783; x_wconf 84' lang='lat' dir='ltr'>litibus</span> <span class='ocrx_word' id='word_1_218' title='bbox 522 1742 641 1782; x_wconf 67' lang='lat' dir='ltr'>dico?</span> <span class='ocrx_word' id='word_1_219' title='bbox 705 1741 839 1782; x_wconf 83' lang='lat' dir='ltr'>Modo</span> <span class='ocrx_word' id='word_1_220' title='bbox 861 1756 935 1782; x_wconf 88' lang='lat' dir='ltr'>vos</span> <span class='ocrx_word' id='word_1_221' title='bbox 966 1742 1089 1782; x_wconf 82' lang='lat' dir='ltr'>iidem</span> <span class='ocrx_word' id='word_1_222' title='bbox 1113 1743 1153 1782; x_wconf 88' lang='lat' dir='ltr'>iu</span> <span class='ocrx_word' id='word_1_223' title='bbox 1178 1742 1231 1783; x_wconf 85' lang='lat' dir='ltr'>A.</span> <span class='ocrx_word' id='word_1_224' title='bbox 1249 1742 1470 1784; x_wconf 83' lang='lat' dir='ltr'>Gabinium</span> <span class='ocrx_word' id='word_1_225' title='bbox 1494 1745 1661 1799; x_wconf 88' lang='lat' dir='ltr'>judicos</span> 
     </span>
     <span class='ocr_line' id='line_1_25' title="bbox 65 1806 1662 1862; baseline 0.001 -14"><span class='ocrx_word' id='word_1_226' title='bbox 65 1806 248 1848; x_wconf 85' lang='lat' dir='ltr'>sedistis.</span> <span class='ocrx_word' id='word_1_227' title='bbox 315 1806 428 1847; x_wconf 89' lang='lat' dir='ltr'>Num</span> <span class='ocrx_word' id='word_1_228' title='bbox 469 1807 563 1862; x_wconf 89' lang='lat' dir='ltr'>quis</span> <span class='ocrx_word' id='word_1_229' title='bbox 599 1807 724 1848; x_wconf 85' lang='lat' dir='ltr'>testis</span> <span class='ocrx_word' id='word_1_230' title='bbox 762 1806 1013 1847; x_wconf 87' lang='lat' dir='ltr'>Postumum</span> <span class='ocrx_word' id='word_1_231' title='bbox 1046 1807 1295 1862; x_wconf 60' lang='lat' dir='ltr'>appellavit?</span> <span class='ocrx_word' id='word_1_232' title='bbox 1338 1809 1461 1849; x_wconf 86' lang='lat' dir='ltr'>testis</span> <span class='ocrx_word' id='word_1_233' title='bbox 1493 1811 1662 1850; x_wconf 67' lang='lat' dir='ltr'>autem?</span> 
     </span>
     <span class='ocr_line' id='line_1_26' title="bbox 65 1872 1662 1927; baseline 0.001 -14"><span class='ocrx_word' id='word_1_234' title='bbox 65 1887 164 1913; x_wconf 88' lang='lat' dir='ltr'>num</span> <span class='ocrx_word' id='word_1_235' title='bbox 186 1872 434 1913; x_wconf 69' lang='lat' dir='ltr'>accusator?</span> <span class='ocrx_word' id='word_1_236' title='bbox 465 1887 564 1912; x_wconf 91' lang='lat' dir='ltr'>num</span> <span class='ocrx_word' id='word_1_237' title='bbox 596 1872 774 1927; x_wconf 89' lang='lat' dir='ltr'>denique</span> <span class='ocrx_word' id='word_1_238' title='bbox 805 1877 898 1913; x_wconf 87' lang='lat' dir='ltr'>toto</span> <span class='ocrx_word' id='word_1_239' title='bbox 930 1872 997 1912; x_wconf 93' lang='lat' dir='ltr'>illo</span> <span class='ocrx_word' id='word_1_240' title='bbox 1030 1872 1070 1912; x_wconf 94' lang='lat' dir='ltr'>in</span> <span class='ocrx_word' id='word_1_241' title='bbox 1101 1872 1260 1926; x_wconf 83' lang='lat' dir='ltr'>judicio</span> <span class='ocrx_word' id='word_1_242' title='bbox 1287 1873 1478 1914; x_wconf 83' lang='lat' dir='ltr'>Postumi</span> <span class='ocrx_word' id='word_1_243' title='bbox 1511 1889 1662 1915; x_wconf 84' lang='lat' dir='ltr'>nomen</span> 
     </span>
    </p>
   </div>
   <div class='ocr_carea' id='block_1_3' title="bbox 887 2001 1664 2558">
    <p class='ocr_par' dir='ltr' id='par_1_3' title="bbox 887 2001 1664 2171">
     <span class='ocr_line' id='line_1_27' title="bbox 892 2001 1664 2034; baseline 0.001 -2"><span class='ocrx_word' id='word_1_244' title='bbox 892 2001 1086 2032; x_wconf 83' lang='lat' dir='ltr'>Hotmann’s</span> <span class='ocrx_word' id='word_1_245' title='bbox 1109 2002 1320 2032; x_wconf 85' lang='lat' dir='ltr'>emendation.</span> <span class='ocrx_word' id='word_1_246' title='bbox 1366 2003 1434 2032; x_wconf 86' lang='lat' dir='ltr'>The</span> <span class='ocrx_word' id='word_1_247' title='bbox 1461 2003 1557 2033; x_wconf 83' lang='lat' dir='ltr'>MSS.</span> <span class='ocrx_word' id='word_1_248' title='bbox 1585 2003 1664 2034; x_wconf 77' lang='lat' dir='ltr'>have</span> 
     </span>
     <span class='ocr_line' id='line_1_28' title="bbox 889 2044 1664 2076; baseline 0.001 -1"><span class='ocrx_word' id='word_1_249' title='bbox 889 2048 896 2061; x_wconf 83' lang='lat'><em>⁴</em></span> <span class='ocrx_word' id='word_1_250' title='bbox 911 2044 1115 2075; x_wconf 82' lang='lat' dir='ltr'>dicendi.’—‘</span> <span class='ocrx_word' id='word_1_251' title='bbox 1129 2056 1148 2075; x_wconf 80' lang='lat' dir='ltr'>a</span> <span class='ocrx_word' id='word_1_252' title='bbox 1184 2056 1235 2075; x_wconf 89' lang='lat' dir='ltr'>me</span> <span class='ocrx_word' id='word_1_253' title='bbox 1272 2046 1382 2076; x_wconf 83' lang='lat' dir='ltr'>afuit:&#39;</span> <span class='ocrx_word' id='word_1_254' title='bbox 1419 2047 1525 2076; x_wconf 85' lang='lat' dir='ltr'>Halm.</span> <span class='ocrx_word' id='word_1_255' title='bbox 1594 2046 1664 2076; x_wconf 83' lang='lat' dir='ltr'>The</span> 
     </span>
     <span class='ocr_line' id='line_1_29' title="bbox 887 2088 1663 2120; baseline 0.003 -3"><span class='ocrx_word' id='word_1_256' title='bbox 887 2088 983 2118; x_wconf 76' lang='lat' dir='ltr'>MSS.</span> <span class='ocrx_word' id='word_1_257' title='bbox 1012 2089 1090 2118; x_wconf 85' lang='lat' dir='ltr'>have</span> <span class='ocrx_word' id='word_1_258' title='bbox 1107 2092 1114 2104; x_wconf 90' lang='lat'>‘</span> <span class='ocrx_word' id='word_1_259' title='bbox 1128 2099 1197 2118; x_wconf 85' lang='lat' dir='ltr'>mea</span> <span class='ocrx_word' id='word_1_260' title='bbox 1227 2089 1309 2118; x_wconf 86' lang='lat' dir='ltr'>fuit.’</span> <span class='ocrx_word' id='word_1_261' title='bbox 1369 2089 1438 2119; x_wconf 85' lang='lat' dir='ltr'>The</span> <span class='ocrx_word' id='word_1_262' title='bbox 1462 2090 1576 2119; x_wconf 81' lang='lat' dir='ltr'>Aldine</span> <span class='ocrx_word' id='word_1_263' title='bbox 1607 2090 1663 2120; x_wconf 84' lang='lat' dir='ltr'>has</span> 
     </span>
     <span class='ocr_line' id='line_1_30' title="bbox 887 2131 1586 2171; baseline 0.003 -11"><span class='ocrx_word' id='word_1_264' title='bbox 887 2135 893 2147; x_wconf 89' lang='lat'>‘</span> <span class='ocrx_word' id='word_1_265' title='bbox 909 2141 971 2160; x_wconf 89' lang='lat' dir='ltr'>non</span> <span class='ocrx_word' id='word_1_266' title='bbox 989 2141 1058 2161; x_wconf 85' lang='lat' dir='ltr'>mea</span> <span class='ocrx_word' id='word_1_267' title='bbox 1074 2131 1156 2166; x_wconf 54' lang='lat' dir='ltr'>fuit!</span> <span class='ocrx_word' id='word_1_268' title='bbox 1180 2132 1280 2161; x_wconf 87' lang='lat' dir='ltr'>which</span> <span class='ocrx_word' id='word_1_269' title='bbox 1299 2142 1368 2171; x_wconf 83' lang='lat' dir='ltr'>may</span> <span class='ocrx_word' id='word_1_270' title='bbox 1386 2132 1424 2162; x_wconf 93' lang='lat' dir='ltr'>be</span> <span class='ocrx_word' id='word_1_271' title='bbox 1440 2133 1586 2171; x_wconf 76' lang='lat' dir='ltr'>genuine.</span> 
     </span>
    </p>

    <p class='ocr_par' dir='ltr' id='par_1_4' title="bbox 888 2174 1664 2558">
     <span class='ocr_line' id='line_1_31' title="bbox 931 2174 1662 2214; baseline 0.003 -11"><span class='ocrx_word' id='word_1_272' title='bbox 931 2175 984 2212; x_wconf 82' lang='lat' dir='ltr'>qui</span> <span class='ocrx_word' id='word_1_273' title='bbox 1000 2175 1033 2204; x_wconf 84' lang='lat' dir='ltr'>in</span> <span class='ocrx_word' id='word_1_274' title='bbox 1049 2174 1271 2214; x_wconf 76' lang='lat' dir='ltr'>aestimandis]</span> <span class='ocrx_word' id='word_1_275' title='bbox 1302 2175 1351 2204; x_wconf 78' lang='lat' dir='ltr'>lle</span> <span class='ocrx_word' id='word_1_276' title='bbox 1362 2185 1431 2214; x_wconf 82' lang='lat' dir='ltr'>says</span> <span class='ocrx_word' id='word_1_277' title='bbox 1447 2175 1515 2205; x_wconf 81' lang='lat' dir='ltr'>that</span> <span class='ocrx_word' id='word_1_278' title='bbox 1532 2185 1572 2204; x_wconf 91' lang='lat' dir='ltr'>no</span> <span class='ocrx_word' id='word_1_279' title='bbox 1589 2185 1662 2205; x_wconf 85' lang='lat' dir='ltr'>man</span> 
     </span>
     <span class='ocr_line' id='line_1_32' title="bbox 888 2216 1664 2256; baseline 0.001 -10"><span class='ocrx_word' id='word_1_280' title='bbox 888 2216 949 2246; x_wconf 83' lang='lat' dir='ltr'>had</span> <span class='ocrx_word' id='word_1_281' title='bbox 971 2227 1043 2247; x_wconf 79' lang='lat' dir='ltr'>ever</span> <span class='ocrx_word' id='word_1_282' title='bbox 1063 2217 1142 2247; x_wconf 87' lang='lat' dir='ltr'>been</span> <span class='ocrx_word' id='word_1_283' title='bbox 1168 2217 1305 2256; x_wconf 84' lang='lat' dir='ltr'>brought</span> <span class='ocrx_word' id='word_1_284' title='bbox 1333 2222 1364 2247; x_wconf 90' lang='lat' dir='ltr'>to</span> <span class='ocrx_word' id='word_1_285' title='bbox 1391 2218 1460 2247; x_wconf 80' lang='lat' dir='ltr'>trial</span> <span class='ocrx_word' id='word_1_286' title='bbox 1489 2218 1588 2248; x_wconf 80' lang='lat' dir='ltr'>umler</span> <span class='ocrx_word' id='word_1_287' title='bbox 1608 2219 1664 2248; x_wconf 84' lang='lat' dir='ltr'>the</span> 
     </span>
     <span class='ocr_line' id='line_1_33' title="bbox 888 2260 1662 2300; baseline 0.004 -12"><span class='ocrx_word' id='word_1_288' title='bbox 888 2260 992 2289; x_wconf 81' lang='lat' dir='ltr'>clause</span> <span class='ocrx_word' id='word_1_289' title='bbox 1016 2262 1023 2276; x_wconf 81' lang='lat'><strong>⁴</strong></span> <span class='ocrx_word' id='word_1_290' title='bbox 1038 2270 1101 2299; x_wconf 85' lang='lat' dir='ltr'>quo</span> <span class='ocrx_word' id='word_1_291' title='bbox 1119 2283 1125 2289; x_wconf 95' lang='lat'>.</span> <span class='ocrx_word' id='word_1_292' title='bbox 1144 2282 1152 2290; x_wconf 91' lang='lat'>.</span> <span class='ocrx_word' id='word_1_293' title='bbox 1171 2283 1177 2289; x_wconf 92' lang='lat'>.</span> <span class='ocrx_word' id='word_1_294' title='bbox 1196 2260 1412 2300; x_wconf 77' lang='lat' dir='ltr'>pervenisset,&#39;</span> <span class='ocrx_word' id='word_1_295' title='bbox 1430 2261 1535 2291; x_wconf 80' lang='lat' dir='ltr'>unless</span> <span class='ocrx_word' id='word_1_296' title='bbox 1552 2262 1590 2290; x_wconf 84' lang='lat' dir='ltr'>he</span> <span class='ocrx_word' id='word_1_297' title='bbox 1602 2261 1662 2291; x_wconf 79' lang='lat' dir='ltr'>had</span> 
     </span>
     <span class='ocr_line' id='line_1_34' title="bbox 889 2302 1664 2334; baseline 0.003 -2"><span class='ocrx_word' id='word_1_298' title='bbox 889 2302 968 2332; x_wconf 85' lang='lat' dir='ltr'>been</span> <span class='ocrx_word' id='word_1_299' title='bbox 994 2303 1180 2333; x_wconf 85' lang='lat' dir='ltr'>summoned</span> <span class='ocrx_word' id='word_1_300' title='bbox 1208 2307 1240 2333; x_wconf 83' lang='lat' dir='ltr'>at</span> <span class='ocrx_word' id='word_1_301' title='bbox 1267 2304 1322 2333; x_wconf 87' lang='lat' dir='ltr'>the</span> <span class='ocrx_word' id='word_1_302' title='bbox 1337 2308 1526 2333; x_wconf 77' lang='lat' dir='ltr'>assessment</span> <span class='ocrx_word' id='word_1_303' title='bbox 1554 2305 1590 2333; x_wconf 86' lang='lat' dir='ltr'>of</span> <span class='ocrx_word' id='word_1_304' title='bbox 1609 2304 1664 2334; x_wconf 85' lang='lat' dir='ltr'>the</span> 
     </span>
     <span class='ocr_line' id='line_1_35' title="bbox 888 2344 1663 2383; baseline 0.005 -10"><span class='ocrx_word' id='word_1_305' title='bbox 888 2344 1035 2383; x_wconf 74' lang='lat' dir='ltr'>dniiiages</span> <span class='ocrx_word' id='word_1_306' title='bbox 1049 2357 1056 2382; x_wconf 78' lang='lat'>3</span> <span class='ocrx_word' id='word_1_307' title='bbox 1080 2346 1141 2375; x_wconf 80' lang='lat' dir='ltr'>and</span> <span class='ocrx_word' id='word_1_308' title='bbox 1153 2346 1228 2375; x_wconf 84' lang='lat' dir='ltr'>such</span> <span class='ocrx_word' id='word_1_309' title='bbox 1239 2356 1257 2375; x_wconf 81' lang='lat' dir='ltr'>a</span> <span class='ocrx_word' id='word_1_310' title='bbox 1268 2357 1431 2376; x_wconf 77' lang='lat' dir='ltr'>summons</span> <span class='ocrx_word' id='word_1_311' title='bbox 1449 2357 1510 2376; x_wconf 79' lang='lat' dir='ltr'>was</span> <span class='ocrx_word' id='word_1_312' title='bbox 1527 2347 1663 2377; x_wconf 74' lang='lat' dir='ltr'>founded</span> 
     </span>
     <span class='ocr_line' id='line_1_36' title="bbox 888 2387 1662 2426; baseline 0.004 -10"><span class='ocrx_word' id='word_1_313' title='bbox 888 2387 988 2417; x_wconf 82' lang='lat' dir='ltr'>either</span> <span class='ocrx_word' id='word_1_314' title='bbox 1004 2399 1043 2417; x_wconf 91' lang='lat' dir='ltr'>on</span> <span class='ocrx_word' id='word_1_315' title='bbox 1061 2389 1115 2418; x_wconf 86' lang='lat' dir='ltr'>the</span> <span class='ocrx_word' id='word_1_316' title='bbox 1130 2389 1195 2418; x_wconf 84' lang='lat' dir='ltr'>oral</span> <span class='ocrx_word' id='word_1_317' title='bbox 1211 2389 1358 2419; x_wconf 67' lang='lat' dir='ltr'>evidence</span> <span class='ocrx_word' id='word_1_318' title='bbox 1374 2390 1410 2419; x_wconf 85' lang='lat' dir='ltr'>of</span> <span class='ocrx_word' id='word_1_319' title='bbox 1422 2390 1476 2419; x_wconf 89' lang='lat' dir='ltr'>the</span> <span class='ocrx_word' id='word_1_320' title='bbox 1492 2391 1662 2426; x_wconf 72' lang='lat' dir='ltr'>witnosses,</span> 
     </span>
     <span class='ocr_line' id='line_1_37' title="bbox 889 2431 1662 2472; baseline 0.004 -13"><span class='ocrx_word' id='word_1_321' title='bbox 889 2440 925 2459; x_wconf 92' lang='lat' dir='ltr'>or</span> <span class='ocrx_word' id='word_1_322' title='bbox 941 2431 996 2460; x_wconf 89' lang='lat' dir='ltr'>the</span> <span class='ocrx_word' id='word_1_323' title='bbox 1022 2431 1122 2460; x_wconf 83' lang='lat' dir='ltr'>books</span> <span class='ocrx_word' id='word_1_324' title='bbox 1146 2432 1301 2472; x_wconf 77' lang='lat' dir='ltr'>(tabulae)</span> <span class='ocrx_word' id='word_1_325' title='bbox 1319 2433 1355 2461; x_wconf 82' lang='lat' dir='ltr'>os</span> <span class='ocrx_word' id='word_1_326' title='bbox 1379 2433 1498 2472; x_wconf 76' lang='lat' dir='ltr'>private</span> <span class='ocrx_word' id='word_1_327' title='bbox 1522 2443 1662 2472; x_wconf 76' lang='lat' dir='ltr'>persons,</span> 
     </span>
     <span class='ocr_line' id='line_1_38' title="bbox 889 2473 1662 2514; baseline 0.005 -12"><span class='ocrx_word' id='word_1_328' title='bbox 889 2483 924 2502; x_wconf 91' lang='lat' dir='ltr'>or</span> <span class='ocrx_word' id='word_1_329' title='bbox 940 2473 995 2503; x_wconf 86' lang='lat' dir='ltr'>the</span> <span class='ocrx_word' id='word_1_330' title='bbox 1019 2478 1167 2503; x_wconf 78' lang='lat' dir='ltr'>accounts</span> <span class='ocrx_word' id='word_1_331' title='bbox 1185 2474 1352 2514; x_wconf 73' lang='lat' dir='ltr'>(rationes)</span> <span class='ocrx_word' id='word_1_332' title='bbox 1373 2475 1408 2504; x_wconf 83' lang='lat' dir='ltr'>of</span> <span class='ocrx_word' id='word_1_333' title='bbox 1431 2477 1662 2506; x_wconf 77' lang='lat' dir='ltr'>commuuities.</span> 
     </span>
     <span class='ocr_line' id='line_1_39' title="bbox 888 2516 1663 2558; baseline 0.004 -13"><span class='ocrx_word' id='word_1_334' title='bbox 888 2516 992 2546; x_wconf 85' lang='lat' dir='ltr'>There</span> <span class='ocrx_word' id='word_1_335' title='bbox 1009 2521 1093 2547; x_wconf 86' lang='lat' dir='ltr'>must</span> <span class='ocrx_word' id='word_1_336' title='bbox 1110 2517 1149 2547; x_wconf 85' lang='lat' dir='ltr'>be</span> <span class='ocrx_word' id='word_1_337' title='bbox 1170 2528 1189 2547; x_wconf 80' lang='lat' dir='ltr'>a</span> <span class='ocrx_word' id='word_1_338' title='bbox 1214 2517 1399 2548; x_wconf 77' lang='lat' dir='ltr'>foundation</span> <span class='ocrx_word' id='word_1_339' title='bbox 1414 2519 1461 2548; x_wconf 84' lang='lat' dir='ltr'>sor</span> <span class='ocrx_word' id='word_1_340' title='bbox 1476 2519 1530 2549; x_wconf 86' lang='lat' dir='ltr'>the</span> <span class='ocrx_word' id='word_1_341' title='bbox 1547 2519 1663 2558; x_wconf 79' lang='lat' dir='ltr'>Appel-</span> 
     </span>
    </p>
   </div>
   <div class='ocr_carea' id='block_1_4' title="bbox 68 2002 846 2554">
    <p class='ocr_par' dir='ltr' id='par_1_5' title="bbox 68 2002 844 2255">
     <span class='ocr_line' id='line_1_40' title="bbox 68 2002 843 2041; baseline 0 -9"><span class='ocrx_word' id='word_1_342' title='bbox 68 2004 195 2041; x_wconf 74' lang='lat' dir='ltr'>recepta</span> <span class='ocrx_word' id='word_1_343' title='bbox 221 2004 291 2032; x_wconf 86' lang='lat' dir='ltr'>est:</span> <span class='ocrx_word' id='word_1_344' title='bbox 316 2005 348 2032; x_wconf 79' lang='lat' dir='ltr'>at</span> <span class='ocrx_word' id='word_1_345' title='bbox 363 2012 421 2032; x_wconf 89' lang='lat' dir='ltr'>nec</span> <span class='ocrx_word' id='word_1_346' title='bbox 436 2012 473 2032; x_wconf 87' lang='lat' dir='ltr'>ex</span> <span class='ocrx_word' id='word_1_347' title='bbox 499 2002 642 2032; x_wconf 87' lang='lat' dir='ltr'>Postumi</span> <span class='ocrx_word' id='word_1_348' title='bbox 665 2002 757 2032; x_wconf 89' lang='lat' dir='ltr'>bonis</span> <span class='ocrx_word' id='word_1_349' title='bbox 781 2012 843 2032; x_wconf 83' lang='lat' dir='ltr'>ser-</span> 
     </span>
     <span class='ocr_line' id='line_1_41' title="bbox 68 2045 843 2084; baseline 0 -10"><span class='ocrx_word' id='word_1_350' title='bbox 68 2045 135 2074; x_wconf 83' lang='lat' dir='ltr'>vari</span> <span class='ocrx_word' id='word_1_351' title='bbox 158 2045 258 2084; x_wconf 87' lang='lat' dir='ltr'>legem</span> <span class='ocrx_word' id='word_1_352' title='bbox 284 2054 420 2084; x_wconf 78' lang='lat' dir='ltr'>aequum</span> <span class='ocrx_word' id='word_1_353' title='bbox 436 2045 516 2081; x_wconf 79' lang='lat' dir='ltr'>est3’</span> <span class='ocrx_word' id='word_1_354' title='bbox 541 2045 603 2074; x_wconf 82' lang='lat' dir='ltr'>and</span> <span class='ocrx_word' id='word_1_355' title='bbox 626 2045 690 2075; x_wconf 85' lang='lat' dir='ltr'>this</span> <span class='ocrx_word' id='word_1_356' title='bbox 711 2045 843 2075; x_wconf 79' lang='lat' dir='ltr'>rubbish</span> 
     </span>
     <span class='ocr_line' id='line_1_42' title="bbox 70 2087 843 2127; baseline 0.001 -10"><span class='ocrx_word' id='word_1_357' title='bbox 70 2088 127 2117; x_wconf 85' lang='lat' dir='ltr'>has</span> <span class='ocrx_word' id='word_1_358' title='bbox 140 2087 220 2117; x_wconf 86' lang='lat' dir='ltr'>been</span> <span class='ocrx_word' id='word_1_359' title='bbox 236 2087 383 2126; x_wconf 82' lang='lat' dir='ltr'>repeated</span> <span class='ocrx_word' id='word_1_360' title='bbox 401 2088 432 2117; x_wconf 89' lang='lat' dir='ltr'>in</span> <span class='ocrx_word' id='word_1_361' title='bbox 449 2097 542 2127; x_wconf 89' lang='lat' dir='ltr'>many</span> <span class='ocrx_word' id='word_1_362' title='bbox 559 2088 704 2118; x_wconf 84' lang='lat' dir='ltr'>editions.</span> <span class='ocrx_word' id='word_1_363' title='bbox 748 2089 843 2118; x_wconf 87' lang='lat' dir='ltr'>Klotz</span> 
     </span>
     <span class='ocr_line' id='line_1_43' title="bbox 69 2130 843 2170; baseline 0 -10"><span class='ocrx_word' id='word_1_364' title='bbox 69 2140 141 2170; x_wconf 78' lang='lat' dir='ltr'>says</span> <span class='ocrx_word' id='word_1_365' title='bbox 166 2131 257 2160; x_wconf 83' lang='lat' dir='ltr'>there</span> <span class='ocrx_word' id='word_1_366' title='bbox 283 2131 309 2159; x_wconf 85' lang='lat' dir='ltr'>is</span> <span class='ocrx_word' id='word_1_367' title='bbox 325 2140 366 2160; x_wconf 89' lang='lat' dir='ltr'>no</span> <span class='ocrx_word' id='word_1_368' title='bbox 393 2130 491 2160; x_wconf 84' lang='lat' dir='ltr'>doubt</span> <span class='ocrx_word' id='word_1_369' title='bbox 515 2131 613 2160; x_wconf 81' lang='lat' dir='ltr'>about</span> <span class='ocrx_word' id='word_1_370' title='bbox 638 2131 693 2160; x_wconf 71' lang='lat' dir='ltr'>the</span> <span class='ocrx_word' id='word_1_371' title='bbox 708 2135 843 2161; x_wconf 86' lang='lat' dir='ltr'>correct-</span> 
     </span>
     <span class='ocr_line' id='line_1_44' title="bbox 69 2172 844 2204; baseline 0 -1"><span class='ocrx_word' id='word_1_372' title='bbox 69 2183 142 2203; x_wconf 81' lang='lat' dir='ltr'>ness</span> <span class='ocrx_word' id='word_1_373' title='bbox 170 2174 205 2203; x_wconf 86' lang='lat' dir='ltr'>of</span> <span class='ocrx_word' id='word_1_374' title='bbox 228 2172 421 2203; x_wconf 83' lang='lat' dir='ltr'>llotmann’s</span> <span class='ocrx_word' id='word_1_375' title='bbox 447 2174 633 2202; x_wconf 84' lang='lat' dir='ltr'>restoration</span> <span class='ocrx_word' id='word_1_376' title='bbox 657 2178 714 2204; x_wconf 86' lang='lat' dir='ltr'>out</span> <span class='ocrx_word' id='word_1_377' title='bbox 738 2174 773 2203; x_wconf 83' lang='lat' dir='ltr'>of</span> <span class='ocrx_word' id='word_1_378' title='bbox 796 2174 844 2204; x_wconf 83' lang='lat' dir='ltr'>his</span> 
     </span>
     <span class='ocr_line' id='line_1_45' title="bbox 69 2215 629 2255; baseline 0 -10"><span class='ocrx_word' id='word_1_379' title='bbox 69 2216 193 2246; x_wconf 83' lang='lat' dir='ltr'>famous</span> <span class='ocrx_word' id='word_1_380' title='bbox 210 2216 280 2245; x_wconf 70' lang='lat' dir='ltr'>MS.</span> <span class='ocrx_word' id='word_1_381' title='bbox 329 2215 403 2255; x_wconf 85' lang='lat' dir='ltr'>(See</span> <span class='ocrx_word' id='word_1_382' title='bbox 418 2215 472 2245; x_wconf 85' lang='lat' dir='ltr'>the</span> <span class='ocrx_word' id='word_1_383' title='bbox 490 2215 629 2252; x_wconf 83' lang='lat' dir='ltr'>Introd.)</span> 
     </span>
    </p>

    <p class='ocr_par' dir='ltr' id='par_1_6' title="bbox 70 2258 846 2554">
     <span class='ocr_line' id='line_1_46' title="bbox 114 2258 845 2298; baseline 0.001 -10"><span class='ocrx_word' id='word_1_384' title='bbox 114 2258 250 2298; x_wconf 72' lang='lat' dir='ltr'>ceperit]</span> <span class='ocrx_word' id='word_1_385' title='bbox 275 2258 354 2288; x_wconf 81' lang='lat' dir='ltr'>This</span> <span class='ocrx_word' id='word_1_386' title='bbox 380 2259 406 2288; x_wconf 86' lang='lat' dir='ltr'>is</span> <span class='ocrx_word' id='word_1_387' title='bbox 432 2268 450 2287; x_wconf 81' lang='lat' dir='ltr'>a</span> <span class='ocrx_word' id='word_1_388' title='bbox 480 2259 570 2288; x_wconf 86' lang='lat' dir='ltr'>usual</span> <span class='ocrx_word' id='word_1_389' title='bbox 594 2259 678 2288; x_wconf 85' lang='lat' dir='ltr'>word</span> <span class='ocrx_word' id='word_1_390' title='bbox 705 2259 737 2288; x_wconf 92' lang='lat' dir='ltr'>in</span> <span class='ocrx_word' id='word_1_391' title='bbox 767 2259 845 2289; x_wconf 82' lang='lat' dir='ltr'>such</span> 
     </span>
     <span class='ocr_line' id='line_1_47' title="bbox 70 2301 844 2331; baseline 0.003 -2"><span class='ocrx_word' id='word_1_392' title='bbox 70 2311 166 2331; x_wconf 82' lang='lat' dir='ltr'>cases.</span> <span class='ocrx_word' id='word_1_393' title='bbox 228 2303 287 2331; x_wconf 73' lang='lat' dir='ltr'>See</span> <span class='ocrx_word' id='word_1_394' title='bbox 316 2301 388 2330; x_wconf 83' lang='lat' dir='ltr'>vol.</span> <span class='ocrx_word' id='word_1_395' title='bbox 430 2301 455 2330; x_wconf 91' lang='grc' dir='ltr'>Ι.</span> <span class='ocrx_word' id='word_1_396' title='bbox 500 2301 599 2331; x_wconf 86' lang='lat' dir='ltr'>Index</span> <span class='ocrx_word' id='word_1_397' title='bbox 611 2302 844 2331; x_wconf 67' lang='lat' dir='ltr'>—1sanctiu52’</span> 
     </span>
     <span class='ocr_line' id='line_1_48' title="bbox 70 2343 846 2379; baseline 0.001 -6"><span class='ocrx_word' id='word_1_398' title='bbox 70 2344 133 2374; x_wconf 81' lang='lat' dir='ltr'>this</span> <span class='ocrx_word' id='word_1_399' title='bbox 153 2343 249 2373; x_wconf 78' lang='lat' dir='ltr'>refers</span> <span class='ocrx_word' id='word_1_400' title='bbox 272 2347 305 2373; x_wconf 85' lang='lat' dir='ltr'>to</span> <span class='ocrx_word' id='word_1_401' title='bbox 333 2344 386 2374; x_wconf 83' lang='lat' dir='ltr'>the</span> <span class='ocrx_word' id='word_1_402' title='bbox 413 2343 495 2373; x_wconf 86' lang='lat' dir='ltr'>word</span> <span class='ocrx_word' id='word_1_403' title='bbox 525 2347 532 2360; x_wconf 75' lang='lat'><em>⁶</em></span> <span class='ocrx_word' id='word_1_404' title='bbox 546 2344 689 2379; x_wconf 75' lang='lat' dir='ltr'>sancire,’</span> <span class='ocrx_word' id='word_1_405' title='bbox 713 2348 746 2374; x_wconf 88' lang='lat' dir='ltr'>to</span> <span class='ocrx_word' id='word_1_406' title='bbox 769 2345 811 2374; x_wconf 79' lang='lat' dir='ltr'>fix</span> <span class='ocrx_word' id='word_1_407' title='bbox 828 2354 846 2374; x_wconf 85' lang='lat' dir='ltr'>a</span> 
     </span>
     <span class='ocr_line' id='line_1_49' title="bbox 71 2386 844 2426; baseline 0.001 -11"><span class='ocrx_word' id='word_1_408' title='bbox 71 2387 198 2426; x_wconf 82' lang='lat' dir='ltr'>penalty</span> <span class='ocrx_word' id='word_1_409' title='bbox 229 2387 261 2415; x_wconf 93' lang='lat' dir='ltr'>in</span> <span class='ocrx_word' id='word_1_410' title='bbox 285 2396 304 2416; x_wconf 76' lang='lat' dir='ltr'>a</span> <span class='ocrx_word' id='word_1_411' title='bbox 331 2386 408 2416; x_wconf 83' lang='lat' dir='ltr'>Lex.</span> <span class='ocrx_word' id='word_1_412' title='bbox 455 2386 669 2417; x_wconf 80' lang='lat' dir='ltr'>‘Inducatur&#39;</span> <span class='ocrx_word' id='word_1_413' title='bbox 709 2387 735 2417; x_wconf 85' lang='lat' dir='ltr'>is</span> <span class='ocrx_word' id='word_1_414' title='bbox 766 2388 844 2416; x_wconf 80' lang='lat' dir='ltr'>from</span> 
     </span>
     <span class='ocr_line' id='line_1_50' title="bbox 70 2429 845 2469; baseline 0.003 -11"><span class='ocrx_word' id='word_1_415' title='bbox 70 2429 230 2459; x_wconf 82' lang='lat' dir='ltr'>Muretus&#39;</span> <span class='ocrx_word' id='word_1_416' title='bbox 243 2429 338 2459; x_wconf 86' lang='lat' dir='ltr'>MSS.</span> <span class='ocrx_word' id='word_1_417' title='bbox 356 2430 388 2459; x_wconf 88' lang='lat' dir='ltr'>in</span> <span class='ocrx_word' id='word_1_418' title='bbox 405 2429 492 2469; x_wconf 83' lang='lat' dir='ltr'>place</span> <span class='ocrx_word' id='word_1_419' title='bbox 508 2430 543 2459; x_wconf 87' lang='lat' dir='ltr'>of</span> <span class='ocrx_word' id='word_1_420' title='bbox 556 2434 563 2446; x_wconf 81' lang='lat'>⁴</span> <span class='ocrx_word' id='word_1_421' title='bbox 575 2429 752 2465; x_wconf 83' lang='lat' dir='ltr'>iudicatur,’</span> <span class='ocrx_word' id='word_1_422' title='bbox 778 2433 785 2446; x_wconf 87' lang='lat'>‘</span> <span class='ocrx_word' id='word_1_423' title='bbox 799 2430 845 2460; x_wconf 89' lang='lat' dir='ltr'>iu-</span> 
     </span>
     <span class='ocr_line' id='line_1_51' title="bbox 70 2471 844 2507; baseline 0.001 -6"><span class='ocrx_word' id='word_1_424' title='bbox 70 2471 194 2507; x_wconf 84' lang='lat' dir='ltr'>dicata,’</span> <span class='ocrx_word' id='word_1_425' title='bbox 228 2472 289 2501; x_wconf 79' lang='lat' dir='ltr'>und</span> <span class='ocrx_word' id='word_1_426' title='bbox 315 2471 406 2502; x_wconf 83' lang='lat' dir='ltr'>othei·</span> <span class='ocrx_word' id='word_1_427' title='bbox 438 2473 844 2503; x_wconf 77' lang='lat' dir='ltr'>varieties.-‘t1·anslatum</span> 
     </span>
     <span class='ocr_line' id='line_1_52' title="bbox 71 2514 844 2554; baseline 0.001 -10"><span class='ocrx_word' id='word_1_428' title='bbox 71 2519 165 2554; x_wconf 83' lang='lat' dir='ltr'>caput</span> <span class='ocrx_word' id='word_1_429' title='bbox 179 2514 198 2543; x_wconf 89' lang='lat'>:’</span> <span class='ocrx_word' id='word_1_430' title='bbox 223 2524 240 2544; x_wconf 84' lang='lat' dir='ltr'>a</span> <span class='ocrx_word' id='word_1_431' title='bbox 253 2514 381 2554; x_wconf 80' lang='lat' dir='ltr'>chapter</span> <span class='ocrx_word' id='word_1_432' title='bbox 392 2525 428 2544; x_wconf 92' lang='lat' dir='ltr'>or</span> <span class='ocrx_word' id='word_1_433' title='bbox 443 2515 546 2545; x_wconf 82' lang='lat' dir='ltr'>clause</span> <span class='ocrx_word' id='word_1_434' title='bbox 561 2516 748 2545; x_wconf 76' lang='lat' dir='ltr'>transferred</span> <span class='ocrx_word' id='word_1_435' title='bbox 766 2516 844 2545; x_wconf 83' lang='lat' dir='ltr'>from</span> 
     </span>
    </p>
   </div>
   <div class='ocr_carea' id='block_1_5' title="bbox 71 2557 848 2982">
    <p class='ocr_par' dir='ltr' id='par_1_7' title="bbox 71 2557 845 2679">
     <span class='ocr_line' id='line_1_53' title="bbox 71 2557 845 2597; baseline 0.003 -11"><span class='ocrx_word' id='word_1_436' title='bbox 71 2568 88 2587; x_wconf 81' lang='lat' dir='ltr'>a</span> <span class='ocrx_word' id='word_1_437' title='bbox 106 2558 189 2597; x_wconf 83' lang='lat' dir='ltr'>prior</span> <span class='ocrx_word' id='word_1_438' title='bbox 210 2560 242 2586; x_wconf 89' lang='lat' dir='ltr'>to</span> <span class='ocrx_word' id='word_1_439' title='bbox 267 2567 285 2586; x_wconf 80' lang='lat' dir='ltr'>a</span> <span class='ocrx_word' id='word_1_440' title='bbox 311 2557 504 2597; x_wconf 73' lang='lat' dir='ltr'>subsequent</span> <span class='ocrx_word' id='word_1_441' title='bbox 529 2558 604 2588; x_wconf 87' lang='lat' dir='ltr'>Lex.</span> <span class='ocrx_word' id='word_1_442' title='bbox 651 2560 710 2588; x_wconf 79' lang='lat' dir='ltr'>See</span> <span class='ocrx_word' id='word_1_443' title='bbox 726 2559 798 2588; x_wconf 81' lang='lat' dir='ltr'>Vol.</span> <span class='ocrx_word' id='word_1_444' title='bbox 818 2560 845 2589; x_wconf 89' lang='grc' dir='ltr'>Ι.</span> 
     </span>
     <span class='ocr_line' id='line_1_54' title="bbox 73 2600 844 2637; baseline 0.001 -8"><span class='ocrx_word' id='word_1_445' title='bbox 73 2600 184 2635; x_wconf 79' lang='lat' dir='ltr'>Index,</span> <span class='ocrx_word' id='word_1_446' title='bbox 199 2600 344 2629; x_wconf 84' lang='lat' dir='ltr'>Edictum</span> <span class='ocrx_word' id='word_1_447' title='bbox 356 2600 603 2637; x_wconf 80' lang='lat' dir='ltr'>Trauslatitium3</span> <span class='ocrx_word' id='word_1_448' title='bbox 615 2601 676 2630; x_wconf 86' lang='lat' dir='ltr'>and</span> <span class='ocrx_word' id='word_1_449' title='bbox 692 2602 755 2631; x_wconf 79' lang='lat' dir='ltr'>Lex</span> <span class='ocrx_word' id='word_1_450' title='bbox 767 2602 844 2632; x_wconf 91' lang='lat' dir='ltr'>Cor-</span> 
     </span>
     <span class='ocr_line' id='line_1_55' title="bbox 73 2643 318 2679; baseline -0.008 -6"><span class='ocrx_word' id='word_1_451' title='bbox 73 2644 165 2679; x_wconf 80' lang='lat' dir='ltr'>nelia,</span> <span class='ocrx_word' id='word_1_452' title='bbox 180 2643 318 2672; x_wconf 81' lang='lat' dir='ltr'>Servilia.</span> 
     </span>
    </p>

    <p class='ocr_par' dir='ltr' id='par_1_8' title="bbox 74 2685 848 2982">
     <span class='ocr_line' id='line_1_56' title="bbox 117 2685 845 2724; baseline 0.001 -8"><span class='ocrx_word' id='word_1_453' title='bbox 117 2686 276 2716; x_wconf 69' lang='lat' dir='ltr'>Accusavi</span> <span class='ocrx_word' id='word_1_454' title='bbox 297 2685 352 2724; x_wconf 82' lang='lat' dir='ltr'>de]</span> <span class='ocrx_word' id='word_1_455' title='bbox 380 2685 424 2714; x_wconf 85' lang='lat' dir='ltr'>As</span> <span class='ocrx_word' id='word_1_456' title='bbox 449 2685 553 2715; x_wconf 78' lang='grc'><strong>1111118</strong></span> <span class='ocrx_word' id='word_1_457' title='bbox 576 2696 645 2715; x_wconf 81' lang='lat' dir='ltr'>case</span> <span class='ocrx_word' id='word_1_458' title='bbox 666 2686 702 2716; x_wconf 88' lang='lat' dir='ltr'>of</span> <span class='ocrx_word' id='word_1_459' title='bbox 721 2686 845 2717; x_wconf 74' lang='lat' dir='ltr'>Verres,</span> 
     </span>
     <span class='ocr_line' id='line_1_57' title="bbox 76 2728 845 2765; baseline 0.001 -6"><span class='ocrx_word' id='word_1_460' title='bbox 76 2729 127 2759; x_wconf 85' lang='lat' dir='ltr'>He</span> <span class='ocrx_word' id='word_1_461' title='bbox 148 2728 209 2758; x_wconf 77' lang='lat' dir='ltr'>had</span> <span class='ocrx_word' id='word_1_462' title='bbox 237 2728 389 2757; x_wconf 75' lang='lat' dir='ltr'>defended</span> <span class='ocrx_word' id='word_1_463' title='bbox 415 2728 542 2762; x_wconf 82' lang='lat' dir='ltr'>several,</span> <span class='ocrx_word' id='word_1_464' title='bbox 565 2728 612 2758; x_wconf 85' lang='lat' dir='ltr'>M.</span> <span class='ocrx_word' id='word_1_465' title='bbox 633 2728 790 2765; x_wconf 74' lang='lat' dir='ltr'>Fonteius,</span> <span class='ocrx_word' id='word_1_466' title='bbox 809 2730 845 2760; x_wconf 91' lang='lat' dir='ltr'>L.</span> 
     </span>
     <span class='ocr_line' id='line_1_58' title="bbox 74 2770 846 2805; baseline 0 -4"><span class='ocrx_word' id='word_1_467' title='bbox 74 2771 219 2801; x_wconf 83' lang='lat' dir='ltr'>Valerius</span> <span class='ocrx_word' id='word_1_468' title='bbox 248 2771 386 2805; x_wconf 76' lang='lat' dir='ltr'>Flaccus,</span> <span class='ocrx_word' id='word_1_469' title='bbox 407 2770 467 2799; x_wconf 80' lang='lat' dir='ltr'>and</span> <span class='ocrx_word' id='word_1_470' title='bbox 499 2780 576 2800; x_wconf 82' lang='lat' dir='ltr'>even</span> <span class='ocrx_word' id='word_1_471' title='bbox 611 2771 649 2800; x_wconf 80' lang='lat' dir='ltr'>A.</span> <span class='ocrx_word' id='word_1_472' title='bbox 682 2771 846 2803; x_wconf 82' lang='lat' dir='ltr'>Gabinius.</span> 
     </span>
     <span class='ocr_line' id='line_1_59' title="bbox 77 2813 848 2853; baseline 0 -8"><span class='ocrx_word' id='word_1_473' title='bbox 77 2814 129 2845; x_wconf 83' lang='lat' dir='ltr'>He</span> <span class='ocrx_word' id='word_1_474' title='bbox 144 2814 205 2844; x_wconf 79' lang='lat' dir='ltr'>had</span> <span class='ocrx_word' id='word_1_475' title='bbox 230 2813 373 2853; x_wconf 68' lang='grc'><strong>111-85111811</strong></span> <span class='ocrx_word' id='word_1_476' title='bbox 401 2813 513 2849; x_wconf 74' lang='lat' dir='ltr'>during</span> <span class='ocrx_word' id='word_1_477' title='bbox 530 2813 578 2842; x_wconf 81' lang='lat' dir='ltr'>his</span> <span class='ocrx_word' id='word_1_478' title='bbox 605 2815 799 2853; x_wconf 81' lang='lat' dir='ltr'>praetorship</span> <span class='ocrx_word' id='word_1_479' title='bbox 815 2820 848 2845; x_wconf 80' lang='lat' dir='ltr'>at</span> 
     </span>
     <span class='ocr_line' id='line_1_60' title="bbox 76 2856 848 2887; baseline 0.001 -1"><span class='ocrx_word' id='word_1_480' title='bbox 76 2857 132 2887; x_wconf 83' lang='lat' dir='ltr'>the</span> <span class='ocrx_word' id='word_1_481' title='bbox 156 2857 243 2886; x_wconf 83' lang='lat' dir='ltr'>trials</span> <span class='ocrx_word' id='word_1_482' title='bbox 269 2856 304 2885; x_wconf 78' lang='lat' dir='ltr'>of</span> <span class='ocrx_word' id='word_1_483' title='bbox 332 2856 367 2886; x_wconf 85' lang='lat' dir='ltr'>C.</span> <span class='ocrx_word' id='word_1_484' title='bbox 386 2856 537 2885; x_wconf 79' lang='lat' dir='ltr'>Manilius</span> <span class='ocrx_word' id='word_1_485' title='bbox 561 2856 623 2885; x_wconf 81' lang='lat' dir='ltr'>and</span> <span class='ocrx_word' id='word_1_486' title='bbox 647 2856 683 2886; x_wconf 90' lang='lat' dir='ltr'>C.</span> <span class='ocrx_word' id='word_1_487' title='bbox 709 2857 848 2887; x_wconf 83' lang='lat' dir='ltr'>Licinius</span> 
     </span>
     <span class='ocr_line' id='line_1_61' title="bbox 76 2898 848 2938; baseline 0 -8"><span class='ocrx_word' id='word_1_488' title='bbox 76 2899 198 2930; x_wconf 84' lang='lat' dir='ltr'>Macer.</span> <span class='ocrx_word' id='word_1_489' title='bbox 232 2899 283 2929; x_wconf 88' lang='lat' dir='ltr'>He</span> <span class='ocrx_word' id='word_1_490' title='bbox 299 2899 400 2937; x_wconf 82' lang='lat' dir='ltr'>might</span> <span class='ocrx_word' id='word_1_491' title='bbox 417 2898 562 2938; x_wconf 79' lang='lat' dir='ltr'>properly</span> <span class='ocrx_word' id='word_1_492' title='bbox 579 2908 633 2937; x_wconf 84' lang='lat' dir='ltr'>sny</span> <span class='ocrx_word' id='word_1_493' title='bbox 649 2898 717 2928; x_wconf 80' lang='lat' dir='ltr'>that</span> <span class='ocrx_word' id='word_1_494' title='bbox 733 2899 772 2928; x_wconf 86' lang='lat' dir='ltr'>he</span> <span class='ocrx_word' id='word_1_495' title='bbox 788 2900 848 2930; x_wconf 83' lang='lat' dir='ltr'>had</span> 
     </span>
     <span class='ocr_line' id='line_1_62' title="bbox 78 2941 847 2982; baseline 0 -10"><span class='ocrx_word' id='word_1_496' title='bbox 78 2943 264 2982; x_wconf 82' lang='lat' dir='ltr'>experience</span> <span class='ocrx_word' id='word_1_497' title='bbox 300 2942 332 2972; x_wconf 89' lang='lat' dir='ltr'>in</span> <span class='ocrx_word' id='word_1_498' title='bbox 359 2942 448 2972; x_wconf 84' lang='lat' dir='ltr'>these</span> <span class='ocrx_word' id='word_1_499' title='bbox 471 2941 847 2972; x_wconf 74' lang='lat' dir='ltr'>matters.——‘discendi:’</span> 
     </span>
    </p>
   </div>
   <div class='ocr_carea' id='block_1_6' title="bbox 886 2559 1663 2984">
    <p class='ocr_par' dir='ltr' id='par_1_9' title="bbox 886 2559 972 2589">
     <span class='ocr_line' id='line_1_63' title="bbox 886 2559 972 2589; baseline 0 -1"><span class='ocrx_word' id='word_1_500' title='bbox 886 2559 972 2589; x_wconf 74' lang='lat' dir='ltr'>latio.</span> 
     </span>
    </p>

    <p class='ocr_par' dir='ltr' id='par_1_10' title="bbox 889 2602 1663 2723">
     <span class='ocr_line' id='line_1_64' title="bbox 935 2602 1663 2642; baseline 0.003 -11"><span class='ocrx_word' id='word_1_501' title='bbox 935 2603 966 2631; x_wconf 86' lang='lat' dir='ltr'>in</span> <span class='ocrx_word' id='word_1_502' title='bbox 984 2602 1177 2642; x_wconf 60' lang='lat' dir='ltr'>offerendis]</span> <span class='ocrx_word' id='word_1_503' title='bbox 1199 2603 1226 2633; x_wconf 91' lang='lat' dir='ltr'><strong>G</strong></span> <span class='ocrx_word' id='word_1_504' title='bbox 1251 2603 1282 2633; x_wconf 90' lang='lat' dir='ltr'>S.</span> <span class='ocrx_word' id='word_1_505' title='bbox 1335 2604 1370 2633; x_wconf 80' lang='lat' dir='ltr'>E.</span> <span class='ocrx_word' id='word_1_506' title='bbox 1384 2604 1426 2635; x_wconf 89' lang='lat' dir='ltr'>U.</span> <span class='ocrx_word' id='word_1_507' title='bbox 1439 2604 1477 2633; x_wconf 78' lang='lat' dir='ltr'>V.</span> <span class='ocrx_word' id='word_1_508' title='bbox 1491 2605 1567 2634; x_wconf 85' lang='lat' dir='ltr'>omit</span> <span class='ocrx_word' id='word_1_509' title='bbox 1587 2610 1593 2620; x_wconf 77' lang='lat'><strong>⁴</strong></span> <span class='ocrx_word' id='word_1_510' title='bbox 1607 2603 1663 2633; x_wconf 85' lang='lat' dir='ltr'>in.’</span> 
     </span>
     <span class='ocr_line' id='line_1_65' title="bbox 891 2644 1663 2685; baseline 0.001 -11"><span class='ocrx_word' id='word_1_511' title='bbox 891 2644 1001 2674; x_wconf 85' lang='lat' dir='ltr'>Cicero</span> <span class='ocrx_word' id='word_1_512' title='bbox 1027 2655 1135 2675; x_wconf 83' lang='lat' dir='ltr'>means</span> <span class='ocrx_word' id='word_1_513' title='bbox 1162 2646 1251 2675; x_wconf 82' lang='lat' dir='ltr'>when</span> <span class='ocrx_word' id='word_1_514' title='bbox 1278 2646 1332 2676; x_wconf 83' lang='lat' dir='ltr'>the</span> <span class='ocrx_word' id='word_1_515' title='bbox 1356 2657 1426 2676; x_wconf 75' lang='lat' dir='ltr'>case</span> <span class='ocrx_word' id='word_1_516' title='bbox 1452 2656 1511 2676; x_wconf 78' lang='lat' dir='ltr'>was</span> <span class='ocrx_word' id='word_1_517' title='bbox 1528 2647 1663 2685; x_wconf 76' lang='lat' dir='ltr'>brought</span> 
     </span>
     <span class='ocr_line' id='line_1_66' title="bbox 889 2687 1464 2723; baseline 0.003 -7"><span class='ocrx_word' id='word_1_518' title='bbox 889 2687 956 2717; x_wconf 87' lang='lat' dir='ltr'>into</span> <span class='ocrx_word' id='word_1_519' title='bbox 974 2693 1072 2723; x_wconf 83' lang='lat' dir='ltr'>court,</span> <span class='ocrx_word' id='word_1_520' title='bbox 1089 2698 1123 2717; x_wconf 82' lang='lat' dir='ltr'>as</span> <span class='ocrx_word' id='word_1_521' title='bbox 1139 2689 1193 2719; x_wconf 88' lang='lat' dir='ltr'>the</span> <span class='ocrx_word' id='word_1_522' title='bbox 1209 2694 1336 2718; x_wconf 79' lang='lat' dir='ltr'>context</span> <span class='ocrx_word' id='word_1_523' title='bbox 1353 2690 1464 2719; x_wconf 72' lang='lat' dir='ltr'>shows.</span> 
     </span>
    </p>

    <p class='ocr_par' dir='ltr' id='par_1_11' title="bbox 888 2731 1663 2984">
     <span class='ocr_line' id='line_1_67' title="bbox 933 2731 1662 2771; baseline 0 -12"><span class='ocrx_word' id='word_1_524' title='bbox 933 2732 963 2760; x_wconf 83' lang='lat'>5.</span> <span class='ocrx_word' id='word_1_525' title='bbox 988 2740 1101 2760; x_wconf 75' lang='lat' dir='ltr'>uorum</span> <span class='ocrx_word' id='word_1_526' title='bbox 1119 2734 1176 2769; x_wconf 72' lang='lat' dir='ltr'>est,</span> <span class='ocrx_word' id='word_1_527' title='bbox 1196 2732 1285 2771; x_wconf 72' lang='lat' dir='ltr'>ante]</span> <span class='ocrx_word' id='word_1_528' title='bbox 1317 2733 1409 2762; x_wconf 81' lang='lat' dir='ltr'>llalm</span> <span class='ocrx_word' id='word_1_529' title='bbox 1427 2733 1546 2761; x_wconf 81' lang='lat' dir='ltr'>follows</span> <span class='ocrx_word' id='word_1_530' title='bbox 1564 2731 1662 2760; x_wconf 83' lang='lat' dir='ltr'>Putri-</span> 
     </span>
     <span class='ocr_line' id='line_1_68' title="bbox 890 2773 1660 2812; baseline 0 -11"><span class='ocrx_word' id='word_1_531' title='bbox 890 2773 955 2802; x_wconf 81' lang='lat' dir='ltr'>cius</span> <span class='ocrx_word' id='word_1_532' title='bbox 972 2773 1041 2802; x_wconf 81' lang='lat' dir='ltr'>who</span> <span class='ocrx_word' id='word_1_533' title='bbox 1057 2784 1127 2812; x_wconf 79' lang='lat' dir='ltr'>says</span> <span class='ocrx_word' id='word_1_534' title='bbox 1145 2778 1163 2791; x_wconf 82' lang='lat'>⁴¹</span> <span class='ocrx_word' id='word_1_535' title='bbox 1182 2778 1189 2790; x_wconf 84' lang='lat'><strong>⁴</strong></span> <span class='ocrx_word' id='word_1_536' title='bbox 1203 2773 1281 2803; x_wconf 77' lang='lat' dir='ltr'>forte</span> <span class='ocrx_word' id='word_1_537' title='bbox 1294 2778 1349 2810; x_wconf 75' lang='lat' dir='ltr'>est,</span> <span class='ocrx_word' id='word_1_538' title='bbox 1367 2778 1397 2805; x_wconf 83' lang='lat' dir='ltr'>et</span> <span class='ocrx_word' id='word_1_539' title='bbox 1413 2779 1486 2804; x_wconf 72' lang='lat' dir='ltr'>male</span> <span class='ocrx_word' id='word_1_540' title='bbox 1499 2775 1505 2785; x_wconf 86' lang='lat'><em>&#39;</em></span> <span class='ocrx_word' id='word_1_541' title='bbox 1530 2784 1565 2802; x_wconf 75' lang='lat' dir='ltr'>cx</span> <span class='ocrx_word' id='word_1_542' title='bbox 1583 2778 1660 2802; x_wconf 79' lang='lat' dir='ltr'>orat.</span> 
     </span>
     <span class='ocr_line' id='line_1_69' title="bbox 890 2816 1660 2854; baseline -0.001 -10"><span class='ocrx_word' id='word_1_543' title='bbox 890 2825 946 2854; x_wconf 83' lang='lat' dir='ltr'>pro</span> <span class='ocrx_word' id='word_1_544' title='bbox 966 2816 1124 2851; x_wconf 77' lang='lat' dir='ltr'>Deiotaro.</span> <span class='ocrx_word' id='word_1_545' title='bbox 1142 2817 1321 2847; x_wconf 76' lang='lat' dir='ltr'>iuitio.&#39;&#39;—¹</span> <span class='ocrx_word' id='word_1_546' title='bbox 1336 2818 1365 2846; x_wconf 89' lang='grc'>111</span> <span class='ocrx_word' id='word_1_547' title='bbox 1384 2818 1421 2847; x_wconf 73' lang='grc' dir='ltr'>Α.</span> <span class='ocrx_word' id='word_1_548' title='bbox 1441 2817 1607 2846; x_wconf 81' lang='lat' dir='ltr'>Gabinium</span> <span class='ocrx_word' id='word_1_549' title='bbox 1626 2837 1632 2843; x_wconf 92' lang='lat'>.</span> <span class='ocrx_word' id='word_1_550' title='bbox 1652 2837 1660 2844; x_wconf 85' lang='lat'>.</span> 
     </span>
     <span class='ocr_line' id='line_1_70' title="bbox 891 2857 1660 2899; baseline -0.004 -12"><span class='ocrx_word' id='word_1_551' title='bbox 891 2858 1014 2888; x_wconf 79' lang='lat' dir='ltr'>sedistis</span> <span class='ocrx_word' id='word_1_552' title='bbox 1027 2858 1046 2888; x_wconf 71' lang='grc' dir='ltr'>τ’</span> <span class='ocrx_word' id='word_1_553' title='bbox 1084 2870 1230 2899; x_wconf 80' lang='lat' dir='ltr'>compare</span> <span class='ocrx_word' id='word_1_554' title='bbox 1277 2864 1283 2876; x_wconf 82' lang='lat'>¹</span> <span class='ocrx_word' id='word_1_555' title='bbox 1298 2870 1395 2899; x_wconf 86' lang='lat' dir='ltr'>quum</span> <span class='ocrx_word' id='word_1_556' title='bbox 1430 2860 1459 2888; x_wconf 89' lang='lat' dir='ltr'>in</span> <span class='ocrx_word' id='word_1_557' title='bbox 1493 2857 1660 2887; x_wconf 78' lang='lat' dir='ltr'>Gabinium</span> 
     </span>
     <span class='ocr_line' id='line_1_71' title="bbox 888 2901 1663 2941; baseline -0.003 -11"><span class='ocrx_word' id='word_1_558' title='bbox 888 2901 984 2939; x_wconf 82' lang='lat' dir='ltr'>judex</span> <span class='ocrx_word' id='word_1_559' title='bbox 1007 2902 1110 2931; x_wconf 79' lang='lat' dir='ltr'>esses&#39;</span> <span class='ocrx_word' id='word_1_560' title='bbox 1141 2903 1172 2932; x_wconf 92' lang='grc'>111</span> <span class='ocrx_word' id='word_1_561' title='bbox 1198 2903 1260 2932; x_wconf 81' lang='lat' dir='ltr'>this</span> <span class='ocrx_word' id='word_1_562' title='bbox 1283 2903 1420 2941; x_wconf 81' lang='lat' dir='ltr'>clmptcr.</span> <span class='ocrx_word' id='word_1_563' title='bbox 1466 2901 1574 2930; x_wconf 69' lang='lat' dir='ltr'>Cicero</span> <span class='ocrx_word' id='word_1_564' title='bbox 1591 2908 1663 2928; x_wconf 76' lang='lat' dir='ltr'>uses</span> 
     </span>
     <span class='ocr_line' id='line_1_72' title="bbox 893 2943 1432 2984; baseline -0.002 -11"><span class='ocrx_word' id='word_1_565' title='bbox 893 2946 900 2959; x_wconf 88' lang='lat'>‘</span> <span class='ocrx_word' id='word_1_566' title='bbox 912 2943 944 2973; x_wconf 89' lang='lat' dir='ltr'>in</span> <span class='ocrx_word' id='word_1_567' title='bbox 957 2943 964 2956; x_wconf 81' lang='lat'>&#39;</span> <span class='ocrx_word' id='word_1_568' title='bbox 988 2944 1020 2973; x_wconf 89' lang='lat' dir='ltr'>in</span> <span class='ocrx_word' id='word_1_569' title='bbox 1037 2944 1099 2974; x_wconf 80' lang='lat' dir='ltr'>this</span> <span class='ocrx_word' id='word_1_570' title='bbox 1115 2955 1181 2984; x_wconf 81' lang='lat' dir='ltr'>way</span> <span class='ocrx_word' id='word_1_571' title='bbox 1197 2945 1315 2975; x_wconf 77' lang='lat' dir='ltr'>several</span> <span class='ocrx_word' id='word_1_572' title='bbox 1331 2945 1432 2974; x_wconf 84' lang='lat' dir='ltr'>times.</span> 
     </span>
    </p>
   </div>
  </div>
 </body>
</html>
