1816 3211
62 184 144 224 664
192 179 371 223 ORAT.
394 176 907 221 PHILIPPIGARUM
945 174 1131 215 LIBER
1162 174 1593 218 DUODECIMUS.

62 309 141 350 ego
163 308 326 348 semper
348 293 463 334 illum
483 292 650 332 hostem
670 289 885 345 appellavi,
910 302 1035 344 quum
1057 287 1125 328 alii
1145 287 1426 327 adversarium
1445 305 1455 336 ;
1489 301 1653 342 semper

60 359 140 400 hoc
175 359 341 407 belluni,
379 372 505 412 quum
546 357 614 396 alii
655 355 894 396 tumultum.
957 353 1047 393 Nec
1088 353 1191 392 haec
1227 352 1267 392 in
1303 356 1453 392 senatu
1491 352 1649 392 solum:

62 425 209 465 eadem
235 424 288 464 ad
321 423 517 477 populum
545 435 707 474 semper
739 419 818 473 ogi,
848 433 981 472 neque
1013 418 1146 458 solum
1167 417 1208 456 in
1230 416 1376 471 ipsum,
1409 417 1482 457 scd
1502 417 1544 456 in
1565 417 1654 470 ejus

62 489 199 530 socios
231 487 461 528 facinorum
494 490 537 525 et
566 484 795 531 ministros,
818 488 862 523 et
888 487 1126 537 praesentes
1148 488 1191 522 et
1212 495 1282 522 eos
1315 481 1384 536 qui
1416 495 1498 521 una
1527 486 1651 527 sunt3

63 554 105 593 in
128 558 262 593 totam
284 551 459 604 denique
485 549 547 588 M.
564 548 740 589 Antonii
763 548 931 587 domum
953 561 1043 586 sum
1067 561 1231 600 semper
1250 546 1452 587 invectus.
1505 545 1656 599 Itaque

63 622 112 658 ut
132 617 291 657 alacres
313 620 356 655 et
377 613 475 654 laeti
496 627 570 667 spe
602 612 718 667 pacis
749 612 891 652 oblata
921 611 1031 652 inter
1052 625 1096 651 se
1117 610 1232 665 impii
1262 610 1373 651 cives
1404 609 1519 665 quasi
1539 609 1657 649 vicis-

63 686 159 722 sent
184 679 514 734 gratulabantur,
537 677 596 718 sic
617 691 683 717 me
711 676 896 731 iniquum
932 676 1162 730 ejerabant,
1185 675 1235 715 de
1265 689 1330 715 me
1362 675 1655 729 querebantur.

65 745 326 786 Diffidebant
354 744 480 785 etiam
510 742 695 783 Servilio.
759 741 1041 782 Meminerant
1076 741 1166 794 ejus
1200 740 1421 781 sententiis
1448 738 1658 780 confixum

64 810 325 856 Antonium,
363 808 410 849 L.
426 808 663 854 Gaesarem,
680 807 829 847 fortem
852 806 1018 860 quidem
1034 805 1146 845 illum
1160 808 1202 845 et
1217 808 1480 846 constantem
1493 806 1658 843 senato-

63 890 163 925 rem,
179 873 430 915 avunculum
443 877 603 919 tamen,
623 870 823 911 Calenum
837 873 1164 925 procuratorem,
1178 868 1376 909 Pisonem
1392 867 1656 912 familiarem

64 946 109 982 te
130 940 280 995 ipsum,
305 939 456 985 Pansa,
472 935 879 977 vehementissimum
901 939 944 975 et
964 934 1235 975 fortissimum
1257 933 1479 982 consulem,
1502 932 1660 972 factum

61 1005 151 1059 jam
172 1008 324 1059 putant
345 1002 567 1047 leniorem,
603 1014 686 1040 non
709 1014 789 1054 quo
811 999 871 1040 ita
892 999 949 1040 sit
968 1004 1044 1039 aut
1073 1013 1163 1038 esse
1193 997 1338 1052 possit,
1363 997 1435 1038 sed
1456 996 1613 1037 mentio
1635 1009 1661 1036 a

66 1076 109 1110 te
144 1070 259 1109 facta
298 1067 416 1122 pacis
456 1065 734 1119 suspicionem
773 1063 917 1104 multis
955 1062 1101 1103 attulit
1140 1062 1386 1103 immutatae
1420 1060 1661 1102 voluntatis

69 1134 189 1174 Inter
215 1134 291 1172 has
322 1145 523 1186 personas
550 1145 616 1170 me
649 1129 919 1182 interjectum
952 1128 1076 1168 amici
1100 1127 1275 1168 Antonii
1304 1127 1478 1167 moleste
1508 1126 1659 1174 ferunt,

68 1198 219 1252 quibus
250 1196 456 1251 gerendus
487 1209 579 1234 mos
607 1197 684 1241 est,
716 1193 912 1247 quoniam
942 1192 1068 1232 semel
1096 1191 1286 1232 liberales
1316 1206 1406 1232 esse
1437 1189 1661 1245 coepimus.

70 1262 205 1303 VIII.
239 1259 568 1300 Proficiscantur
597 1257 727 1313 legati
758 1257 926 1311 optimis
950 1256 1167 1305 ominibus,
1201 1257 1274 1297 sed
1295 1255 1323 1296 ii
1343 1255 1662 1310 proficiscantur

67 1326 109 1367 in
132 1326 281 1380 quibus
302 1339 384 1365 non
406 1323 640 1364 offendatur
663 1321 887 1363 Antonius.
951 1321 1071 1373 Quod
1092 1321 1126 1361 si
1148 1322 1199 1361 de
1221 1321 1409 1362 Antonio
1437 1335 1519 1361 non
1549 1320 1661 1360 labo-

68 1390 184 1439 ratis,
221 1389 322 1430 mihi
359 1394 484 1439 certe,
526 1392 671 1443 patres
711 1386 948 1440 conscripti,
990 1386 1204 1427 consulere
1243 1385 1418 1426 debetis.
1491 1384 1663 1425 Parcite

69 1455 200 1496 oculis
221 1454 370 1495 saltem
390 1453 506 1501 meis,
530 1458 573 1493 et
593 1452 772 1507 aliquam
794 1451 955 1491 veniam
971 1451 1090 1505 justo
1112 1450 1242 1490 dolori
1264 1450 1375 1491 date.
1439 1451 1531 1502 Quo
1553 1449 1663 1490 enim

68 1524 243 1574 aspectu
264 1519 402 1559 videre
433 1515 807 1572 pot-ero,—omitto
838 1516 1004 1556 hostem
1030 1515 1203 1570 patriae,
1226 1529 1279 1555 ex
1299 1529 1381 1569 quo
1402 1514 1501 1554 mihi
1523 1514 1664 1555 odium

70 1584 112 1624 in
134 1584 246 1624 illum
278 1598 495 1624 commune
526 1581 738 1622 vobiscum
765 1581 979 1631 est,—sed
1001 1595 1081 1635 quo
1109 1580 1232 1620 modo
1252 1579 1451 1634 aspiciam
1472 1579 1572 1619 mihi
1593 1577 1664 1619 uni

72 1647 402 1689 crudelissimum
433 1647 611 1694 hostem,
650 1651 697 1686 ut
729 1645 943 1686 declarant
975 1645 1066 1698 ejus
1087 1645 1138 1685 de
1158 1659 1224 1685 me
1244 1644 1536 1685 acerbissimae
1568 1657 1665 1684 con-

70 1712 238 1754 tiones?
299 1712 476 1752 Adeone
508 1725 573 1750 me
603 1710 782 1750 ferreum
803 1709 964 1764 putatis
984 1714 1032 1750 ut
1054 1724 1149 1750 cum
1170 1723 1218 1749 eo
1240 1709 1438 1763 congredi
1458 1712 1531 1748 aut
1550 1707 1666 1747 illum

72 1777 260 1831 aspicere
293 1775 477 1830 possim?
507 1774 576 1828 qui
606 1788 752 1828 nuper,
779 1787 905 1827 quum
926 1773 967 1812 in
988 1772 1182 1813 contione
1213 1773 1388 1812 donaret
1418 1786 1502 1821 eos,
1536 1771 1605 1826 qui
1628 1771 1666 1811 ei

74 1841 126 1881 de
161 1839 378 1894 parricidis
417 1837 682 1878 audacissimi
717 1837 976 1886 videbantur,
1011 1851 1106 1877 mea
1140 1837 1251 1877 bona
1286 1836 1439 1876 donare
1479 1850 1524 1876 se
1561 1835 1667 1876 dixit

77 1904 262 1945 Petissio
298 1902 513 1951 Urbinati,
551 1901 620 1956 qui
657 1916 709 1941 ex
737 1901 956 1956 naufragio
987 1900 1189 1941 luculenti
1221 1900 1460 1955 patrimonii
1484 1900 1537 1940 ad
1564 1900 1667 1940 haec

76 1968 321 2010 Antoniana
351 1981 451 2007 saxa
471 1967 684 2021 projectus
705 1973 783 2006 est.
846 1966 916 2006 An
941 1965 988 2005 L.
1012 1965 1246 2006 Antonium
1277 1965 1462 2020 aspicere
1492 1966 1669 2020 potero?

76 2034 194 2088 cujus
215 2047 293 2087 ego
315 2031 605 2072 crudelitatem
625 2031 809 2085 effugere
830 2045 913 2070 non
934 2030 1177 2084 potuissem,
1200 2030 1281 2070 nisi
1301 2045 1366 2071 me
1386 2031 1603 2072 moenibus
1624 2035 1669 2072 et

76 2098 209 2153 portis
230 2102 272 2137 et
293 2095 433 2137 studio
469 2095 680 2149 municipii
711 2095 792 2135 mei
819 2094 1110 2135 defendissem.
1171 2095 1315 2149 Atque
1345 2094 1457 2135 idem
1483 2095 1550 2136 hic
1572 2095 1668 2135 mir-

76 2163 187 2204 millo
210 2161 439 2210 Asiaticus,
472 2161 581 2201 latro
615 2160 776 2209 Italiae,
810 2159 969 2213 collega
1002 2158 1204 2200 Lentonis
1234 2164 1276 2199 et
1305 2159 1505 2209 Nuculae,
1542 2175 1669 2215 quum

79 2227 259 2283 Aquilae
294 2225 415 2282 primi
447 2225 517 2280 pili
548 2238 740 2265 nummos
775 2237 922 2264 aureos
954 2223 1085 2273 daret,
1122 2223 1173 2264 de
1207 2223 1311 2265 meis
1345 2224 1464 2265 bonis
1496 2239 1541 2266 se
1569 2225 1669 2266 dare

125 2370 304 2409 ejerabanl]
335 2370 375 2405 V,
404 2372 411 2386 ‘
426 2369 589 2399 eiurabant
600 2369 607 2383 ’
635 2379 666 2408 g,
696 2371 703 2385 ⁴
715 2369 743 2399 ei
773 2368 856 2399 iura-

81 2411 180 2442 bant'
197 2421 216 2440 a
231 2411 251 2441 b
267 2414 291 2441 t.
336 2412 405 2441 The
428 2412 546 2441 friends
571 2412 606 2441 of
626 2412 674 2442 M.
698 2412 857 2441 Antonius

82 2454 227 2492 objected
251 2457 284 2483 to
309 2453 418 2483 Cicero
434 2464 467 2483 as
482 2465 500 2483 a
517 2455 665 2492 Legatus,
682 2464 716 2484 as
739 2454 856 2484 Manu-

83 2497 146 2526 tius
159 2496 299 2534 explains
316 2496 360 2531 it;
382 2506 418 2525 or
434 2497 507 2535 they
520 2497 645 2526 refused
660 2499 694 2526 to
710 2497 855 2526 acknow-

83 2539 173 2577 ledge
194 2539 258 2567 him
280 2538 313 2566 in
337 2547 398 2576 any
414 2548 480 2576 way
496 2539 529 2567 in
553 2539 607 2568 the
634 2539 855 2576 negotiations.

86 2581 138 2610 He
154 2590 223 2619 says
239 2579 338 2609 below
354 2580 386 2608 in
409 2580 472 2609 this
496 2581 634 2619 chapter,
653 2583 671 2597 “
688 2581 776 2610 Inter
799 2581 855 2610 has

83 2632 234 2662 personas
249 2631 300 2651 me
320 2622 517 2659 interjectum
533 2623 624 2652 amici
642 2622 771 2652 Antonii
787 2633 855 2652 mo-

83 2666 163 2695 leste
186 2663 326 2694 ferunt.”
374 2664 431 2692 See
446 2664 535 2693 Verr.
559 2664 591 2693 ii.
614 2665 645 2701 3,
671 2675 697 2695 c,
718 2666 771 2702 60,
794 2664 857 2694 and

84 2708 139 2738 the
154 2709 229 2736 note
245 2716 286 2736 on
303 2708 310 2722 ‘
323 2705 466 2744 ejurare.⁷

118 2749 244 2787 sortem
275 2748 400 2787 quidem
431 2747 537 2786 illum]
586 2748 735 2786 “fortem
766 2750 858 2778 illum

86 2792 212 2831 quidem
242 2789 446 2829 probabiliter
476 2789 621 2818 Muretus
640 2789 659 2803 ’⁹
704 2790 831 2830 (Halm)
850 2802 857 2827 ;

83 2834 146 2864 and
162 2833 225 2863 this
240 2833 266 2863 is
282 2833 335 2862 the
353 2831 443 2861 usual
459 2831 550 2861 order
564 2831 599 2860 of
612 2831 700 2860 these
715 2833 826 2863 words.

130 2877 242 2916 quibus
255 2875 413 2915 yerendus
428 2873 510 2913 mos]
560 2876 567 2890 ⁴
581 2873 700 2904 Whom
717 2873 756 2903 he
772 2878 858 2905 must

901 2369 1026 2408 oblige,'
1039 2369 1081 2408 by
1094 2371 1150 2399 not
1165 2369 1260 2408 going
1275 2379 1308 2399 as
1320 2369 1564 2399 commissioner.
1602 2368 1671 2398 The

901 2415 978 2441 next
1003 2412 1114 2448 words,
1145 2415 1153 2428 ⁴
1166 2412 1314 2451 quoniam
1332 2434 1339 2440 .
1358 2434 1365 2441 .
1384 2434 1392 2441 .
1409 2410 1592 2450 coepimus‚'
1619 2420 1671 2440 are

901 2454 1064 2493 explained
1091 2454 1131 2493 by
1162 2454 1327 2484 Manutius
1348 2455 1356 2470 ⁴
1369 2454 1531 2484 mittendis
1556 2454 1671 2483 iterum

900 2495 1035 2535 legatis.⁷

944 2540 973 2568 8.
998 2538 1125 2577 omitto]
1152 2537 1182 2567 V
1197 2540 1211 2567 t
1231 2538 1336 2575 Halm,
1353 2541 1360 2555 ‘
1372 2538 1463 2568 mitto
1475 2538 1483 2551 '
1499 2548 1517 2568 a
1532 2538 1552 2567 b
1568 2548 1598 2576 g.

943 2582 1112 2619 municipii
1125 2580 1202 2619 mei]
1223 2580 1391 2619 Arpinum.
1424 2581 1463 2610 In
1476 2580 1530 2610 the
1539 2584 1673 2610 autumn

900 2622 936 2652 of
963 2631 1028 2652 13.c.
1055 2624 1095 2653 44
1121 2622 1230 2652 Cicero
1257 2632 1318 2652 was
1348 2626 1381 2652 at
1407 2623 1574 2661 Arpinum.
1623 2623 1674 2652 He

900 2665 975 2694 here
990 2665 1061 2694 tells
1077 2674 1114 2694 us
1127 2664 1289 2703 obscurely
1299 2665 1369 2694 that
1384 2665 1425 2694 he
1434 2674 1495 2694 was
1510 2665 1674 2704 protected

902 2707 935 2737 in
952 2707 1109 2746 Arpinum
1125 2707 1249 2745 against
1265 2707 1301 2736 L.
1318 2707 1488 2736 Antonius.

942 2750 1044 2788 primi
1063 2749 1127 2787 pili
1150 2749 1308 2787 nummos]
1338 2752 1357 2765 ‘⁴
1369 2750 1399 2776 V
1408 2749 1440 2778 in
1452 2758 1512 2778 ras.
1525 2748 1620 2778 habet
1630 2758 1674 2779 m.

903 2793 933 2826 2,
948 2791 1030 2820 unde
1046 2791 1242 2820 verisimilius
1254 2792 1289 2821 fit
1303 2790 1486 2821 Ciceronem
1499 2800 1562 2820 non
1578 2791 1675 2829 scrip-

903 2833 978 2862 sisse
988 2834 1092 2871 primz'
1102 2834 1177 2872 pili,
1191 2833 1245 2862 sed
1257 2837 1312 2863 aut
1321 2834 1490 2872 primipilo
1501 2836 1556 2862 aut
1565 2833 1675 2871 primo

895 2876 977 2914 pilo,
1002 2878 1038 2905 ut
1060 2875 1125 2914 jam
1153 2875 1303 2906 Garatoni
1328 2876 1463 2905 monuit:
1482 2885 1511 2905 v.
1535 2874 1675 2904 Momm-
