1816 3211
765 209 836 252 CA
849 210 898 252 P.
934 210 970 260 7,
1004 212 1043 251 8.
1616 214 1690 254 301

102 324 255 367 voluit:
303 325 480 380 populus
515 340 740 381 numquam
774 324 987 380 alligavit3
1034 322 1161 364 soluti
1200 322 1281 365 huc
1319 323 1600 366 convenistis:
1646 340 1698 365 ne

101 389 320 432 constricti
356 390 581 432 discedatis
613 394 769 431 cavete.
832 389 941 430 Nam
976 388 1010 429 si
1045 388 1250 429 Postumo
1283 388 1419 429 fraudi
1455 388 1590 440 fuerit,
1629 389 1699 444 qui

99 469 176 495 nec
211 455 416 505 tribunus,
452 471 529 496 nec
564 456 816 511 praefectus,
851 469 926 495 nec
961 469 1013 494 ex
1042 453 1167 494 Italia
1204 468 1343 494 comes
1376 468 1452 494 nec
1484 453 1700 494 familiaris

102 520 269 561 Gabinii
290 520 380 567 fuit,
406 535 584 575 quonam
612 536 656 561 se
676 520 800 561 modo
823 520 1047 560 defendent
1077 519 1266 574 posthac,
1291 518 1360 574 qui
1382 519 1510 560 vestri
1541 518 1700 559 ordinis

102 598 195 625 cum
216 585 538 638 magistratibus
560 585 716 626 nostris
737 584 893 626 fuerint
913 583 977 625 his
998 584 1157 625 caussis
1178 584 1381 639 implicati
1399 586 1412 625 ἓ

110 654 141 677 s
159 649 294 690 VIII.
329 649 406 699 Tu,
430 650 577 705 inquit,
599 650 824 690 Gabinium
847 654 893 690 ut
916 664 1057 704 regem
1078 649 1302 690 reduceret
1322 648 1539 703 impulisti.
1602 648 1700 690 Non

100 714 259 769 patitur
289 730 382 755 inea
409 729 474 755 me
501 716 588 769 jam
617 715 721 756 fides
754 715 804 755 de
829 714 1010 755 Gabinio
1041 714 1208 769 gravius
1236 728 1374 768 agere.
1437 714 1570 766 Quem
1591 714 1702 755 enim

101 794 153 820 ex
173 779 305 820 tantis
326 779 554 820 inimicitiis
575 784 792 834 receptum
814 779 854 819 in
875 779 1059 833 gratiam
1080 793 1244 820 summo
1266 779 1408 820 studio
1431 779 1700 828 defenderim,

101 844 210 885 hunc
235 843 436 885 afflictum
457 844 610 885 violare
635 859 718 885 non
749 844 908 886 debeo:
944 859 1125 899 quocum
1157 848 1299 884 stante
1331 843 1364 883 si
1386 858 1452 884 me
1475 844 1548 885 Cn.
1575 844 1701 884 Pom-

99 910 181 965 peii
202 910 432 952 auctoritas
463 910 504 950 in
535 910 716 965 gratiam
746 924 829 950 non
852 909 1102 958 reduxisset,
1129 923 1240 949 nunc
1265 909 1355 963 jam
1377 908 1508 963 ipsius
1529 909 1701 950 fortuna

65 1010 68 1011 γ
98 975 329 1016 reduceret.
394 975 477 1016 Sed
498 980 650 1025 tamen,
675 989 801 1030 quum
824 974 884 1015 ita
906 974 1022 1023 dicis,
1048 973 1241 1014 Postumi
1273 973 1451 1028 impulsu
1475 973 1700 1014 Gabinium

99 1038 333 1093 profectum
369 1037 685 1087 Alexandriani,
723 1037 757 1077 si
799 1036 1029 1077 defensioni
1064 1035 1231 1076 Gabinii
1272 1036 1399 1076 fidem
1439 1050 1522 1076 non
1557 1036 1700 1086 habes,

100 1099 410 1140 obliviscerisne
449 1100 576 1140 etiam
611 1098 895 1140 accusationis
935 1099 1062 1140 tuae?
1137 1098 1344 1138 Gabinius
1385 1112 1429 1138 se
1470 1097 1512 1138 id
1551 1098 1702 1139 fecisse

99 1164 268 1206 dicebat
303 1165 361 1206 rei
393 1165 585 1220 publicae
619 1179 779 1213 caussa,
804 1165 916 1219 quod
952 1164 1129 1205 classem
1152 1163 1353 1204 Archelai
1386 1163 1565 1214 timeret,
1591 1164 1703 1219 quod

99 1244 214 1270 mare
235 1230 436 1271 refertum
460 1231 549 1270 fore
576 1230 833 1285 praedonum
861 1234 1058 1284 putaret:
1092 1230 1184 1284 lege
1207 1229 1336 1270 etiam
1367 1228 1408 1269 id
1431 1228 1510 1269 sibi
1538 1229 1702 1270 licuisse

102 1294 283 1336 dicebat.
356 1295 420 1334 Tu
455 1295 648 1335 inimicus
684 1308 830 1348 negas.
906 1293 1101 1348 Ignosco,
1145 1301 1189 1334 et
1231 1309 1280 1334 eo
1321 1293 1456 1348 magis
1490 1294 1600 1348 quod
1637 1298 1702 1334 est

102 1364 250 1400 eontra
280 1359 378 1399 illud
407 1359 653 1414 judicatum.
716 1359 859 1399 Redeo
891 1358 1023 1413 igitur
1054 1359 1106 1398 ad
1139 1358 1298 1398 crimen
1319 1363 1363 1399 et
1385 1359 1702 1399 accusationem

102 1429 232 1465 tuam.
295 1424 404 1476 Quid
445 1424 756 1464 vociferabare?
798 1424 940 1464 decem
981 1423 1110 1463 millia
1149 1423 1358 1463 talentum
1388 1423 1567 1464 Gabinio
1610 1438 1702 1464 esse

100 1486 317 1541 promissa.
380 1485 495 1526 Huic
533 1486 725 1527 videlicet
764 1486 1019 1540 perblandus
1060 1484 1332 1540 reperiendus
1373 1484 1464 1535 fuit,
1509 1485 1578 1539 qui
1629 1485 1701 1526 ho-

100 1552 265 1600 minem,
288 1555 336 1592 ut
367 1556 412 1591 tu
444 1551 516 1599 vis,
546 1551 836 1591 avarissimum
866 1554 1073 1600 exoraret,
1102 1550 1342 1590 sestertium
1377 1550 1441 1590 bis
1473 1550 1621 1591 millies
1657 1556 1702 1591 ct

100 1616 442 1672 quadringenties
469 1631 520 1656 ne
551 1631 702 1670 magno
724 1630 848 1671 opere
871 1620 1171 1656 contemneret.
1237 1615 1442 1656 Gabinius
1464 1615 1575 1662 illud,
1600 1630 1701 1670 quo—

99 1696 182 1736 quo
222 1680 393 1721 consilio
433 1680 546 1729 fecit,
583 1681 684 1722 fecit
725 1686 839 1722 certe
874 1696 977 1728 suog
1027 1695 1318 1734 quaecumque
1353 1695 1470 1721 mens
1502 1680 1570 1721 illa
1605 1681 1696 1731 fuit,

101 1746 268 1787 Gabinii
299 1745 392 1787 fuit.
457 1746 552 1786 Sive
585 1745 665 1797 ille,
699 1751 747 1787 ut
776 1745 864 1800 ipse
900 1746 1081 1793 dicebat,
1113 1745 1302 1799 gloriam,
1336 1746 1434 1795 sive,
1467 1751 1515 1786 ut
1548 1751 1594 1786 tu
1624 1746 1698 1796 vis,

98 1811 318 1867 pecuniam
346 1811 566 1866 quaesivit,
596 1808 802 1866 quaesivit
831 1810 924 1852 sibi.
990 1809 1126 1865 [Num
1155 1809 1323 1850 Gabinii
1357 1825 1497 1851 comcs
1518 1812 1582 1851 vel
1614 1826 1701 1852 scc-

99 1879 241 1919 tator?
302 1877 454 1932 Negat.
518 1876 613 1917 Non
654 1876 765 1917 enim
805 1876 859 1916 ad
894 1874 1078 1925 Gabinii,
1114 1875 1237 1930 cujus
1277 1875 1319 1915 id
1361 1875 1578 1930 negotium
1619 1891 1702 1917 non

99 2005 150 2035 lex
167 2005 205 2035 de
231 2015 268 2035 ea
288 2015 321 2035 re
344 2004 500 2041 ferretur‚’
517 2004 580 2035 and
603 2005 698 2035 Halm
720 2005 821 2045 prints
842 2005 877 2035 it.

103 2048 200 2078 Halm
225 2058 295 2088 says
311 2048 381 2077 that
396 2047 451 2077 the
467 2048 562 2078 MSS.
576 2048 655 2078 have
668 2051 674 2065 ‘
686 2048 876 2078 referretur.'

102 2091 173 2121 ‘De
197 2090 253 2120 ea'
269 2091 295 2121 is
319 2101 359 2120 an
382 2090 444 2120 idle
468 2091 619 2126 addition,
643 2091 704 2121 and
729 2091 879 2130 certainly

100 2136 158 2163 not
173 2134 227 2163 the
243 2134 380 2171 genuine
395 2133 479 2162 hand
496 2133 532 2162 of
541 2133 661 2164 Cicero.
699 2134 768 2164 The
785 2134 878 2164 Basle

102 2176 229 2213 edition,
249 2177 340 2213 1528,
358 2176 414 2205 has
431 2178 438 2192 ¹
451 2175 607 2205 ferretur.’

133 2219 256 2257 fraudi
283 2218 410 2257 fuerit]
460 2218 516 2248 ‘If
549 2219 574 2248 it
604 2218 685 2248 shall
718 2219 878 2258 prejudice

101 2261 180 2298 him,
204 2262 231 2291 if
252 2262 292 2291 he
316 2262 395 2291 shall
419 2261 459 2291 be
489 2261 675 2291 convicted!
724 2262 876 2292 Patricius

101 2304 210 2334 thinks
226 2304 296 2334 that
309 2306 316 2320 ⁴
329 2314 366 2333 ex
385 2304 477 2333 Italia
489 2303 496 2316 ’
510 2313 581 2343 may
598 2304 636 2334 be
651 2314 669 2334 a
684 2304 777 2343 gloss.
813 2305 878 2335 But

101 2347 173 2377 how
189 2347 241 2376 did
257 2347 282 2376 it
298 2356 387 2376 come
402 2347 470 2376 into
486 2346 540 2376 the
555 2348 647 2376 text?

146 2391 175 2419 8.
215 2389 388 2428 impulisti]
454 2389 589 2428 Perhaps
627 2389 667 2419 he
696 2389 759 2419 did.
818 2389 877 2420 See

103 2431 242 2462 Cicero’s
269 2432 362 2461 letter
388 2431 435 2462 Ad
462 2432 503 2465 Q.
530 2432 580 2462 Fr.
604 2432 635 2462 ii.
661 2435 681 2463 2
704 2432 801 2462 about.
822 2432 876 2462 the

102 2478 110 2492 ⁴
125 2475 293 2505 creditores
316 2474 525 2513 regis.’——‘ex
553 2475 682 2506 tantis:'
715 2485 766 2506 see
793 2475 877 2505 what

102 2518 142 2548 he
158 2517 223 2547 said
244 2517 280 2546 of
296 2517 360 2546 him
378 2517 410 2546 in
426 2517 480 2547 the
504 2517 553 2547 De
578 2518 668 2548 Prov.
691 2518 787 2548 Cous.
813 2518 874 2548 and

101 2561 134 2590 in
160 2561 214 2590 the
242 2560 279 2589 In
312 2560 638 2591 Pisonem—‘stante
665 2561 690 2590 si
715 2561 798 2591 mez’
827 2561 874 2591 cd.

103 2603 187 2633 Basl.
215 2604 306 2633 1528.
357 2602 426 2632 The
452 2602 548 2632 MSS.
573 2613 624 2633 are
650 2604 714 2633 said
739 2607 773 2634 to
798 2604 877 2633 have

103 2649 110 2663 ⁴
126 2656 175 2675 me
196 2644 356 2681 stantem,’
373 2648 429 2674 out
445 2645 480 2674 of
492 2645 593 2675 which
610 2646 739 2685 Madvig
755 2647 811 2676 has
827 2647 874 2676 in-

100 2689 264 2729 geniously
291 2688 382 2718 made.
400 2689 470 2717 ‘me
493 2688 518 2717 si
541 2688 636 2725 ante,'
660 2689 761 2719 which
780 2689 875 2719 Halm

123 2732 212 2762 rints.

100 2742 121 2772 p
143 2774 315 2812 Archelai]
352 2773 536 2811 llervagius.
590 2773 659 2803 The
681 2773 770 2803 codd.
795 2774 874 2804 have

104 2816 306 2853 ‘mai-chilei,'
345 2826 363 2846 a
400 2815 533 2845 blundel·
571 2816 665 2855 easily
703 2818 872 2847 corrected.

101 2859 178 2889 This
195 2859 367 2890 Archelaus
388 2868 449 2888 was
473 2858 526 2887 the
547 2861 634 2897 great
653 2858 749 2897 priest
765 2859 800 2889 of
812 2860 875 2890 Co-

102 2911 196 2932 mana
225 2903 257 2932 in
290 2902 418 2931 Pontus.
468 2901 527 2930 llis
551 2904 637 2940 story
664 2901 690 2930 is
716 2905 773 2931 not
802 2911 875 2942 very

102 2945 201 2982 clea13
227 2945 285 2975 but
307 2945 347 2975 he
371 2946 453 2974 went
477 2947 509 2974 to
538 2944 644 2983 Egypt
666 2943 747 2973 after
772 2944 874 2974 Ptole-

923 2003 1043 2034 maeus’
1060 2003 1226 2043 expulsion
1249 2003 1311 2033 and
1335 2003 1468 2033 married
1492 2004 1701 2034 Ptolemaeus’

924 2047 1078 2086 daughter
1101 2047 1263 2083 Berenice,
1284 2047 1359 2076 with
1383 2047 1486 2076 whom
1512 2047 1551 2076 he
1568 2047 1701 2086 enjoyed

923 2091 978 2121 the
994 2090 1102 2129 kingly
1118 2093 1199 2120 state
1215 2090 1277 2119 and
1293 2090 1363 2119 title
1379 2090 1427 2119 for
1443 2100 1461 2119 a
1481 2089 1539 2119 few
1561 2090 1700 2125 months,

922 2134 971 2163 till
998 2133 1128 2163 Auletes
1159 2143 1221 2162 was
1252 2133 1389 2162 restored
1419 2132 1459 2172 by
1486 2132 1641 2163 Gabinius
1668 2133 1700 2162 in

924 2185 987 2206 B.c.
1016 2178 1068 2205 55.
1122 2176 1296 2206 Archelaus
1322 2176 1374 2205 fell
1400 2175 1433 2204 iu
1457 2175 1556 2205 battle
1579 2176 1701 2215 against

924 2218 1087 2250 Gabinius.

961 2261 1174 2300 perblandus]
1218 2261 1383 2291 Hotmann
1400 2264 1497 2290 wrote
1514 2264 1521 2278 ⁴
1534 2271 1702 2300 persuasor

921 2304 1080 2339 blandus‚⁷
1112 2304 1273 2343 following
1307 2315 1325 2334 a
1356 2304 1440 2340 MS.,
1472 2314 1506 2333 as
1544 2304 1583 2333 he
1617 2314 1698 2344 says.

923 2351 930 2364 ⁴
947 2348 1028 2377 Puer
1043 2346 1200 2383 blandus,’
1217 2357 1278 2377 one
1293 2347 1328 2376 of
1341 2347 1500 2377 Muretus'
1517 2347 1613 2377 MSS.

964 2390 1033 2420 The
1054 2393 1107 2420 ten
1131 2390 1289 2420 thousand
1312 2389 1473 2420 ‘talenta’
1499 2390 1594 2429 being
1617 2390 1700 2429 sixty

921 2432 1041 2462 million
1067 2433 1252 2463 ‘drachmae
1267 2433 1274 2446 ’
1296 2443 1332 2462 or
1354 2437 1361 2449 ⁰
1375 2432 1517 2467 denarii,’
1542 2433 1634 2462 make
1657 2443 1700 2472 up

921 2476 976 2505 the
987 2479 1118 2505 amount
1128 2476 1165 2505 of
1174 2480 1181 2492 ⁴
1193 2475 1240 2506 bis
1254 2476 1365 2505 millies
1378 2480 1409 2505 et
1421 2476 1699 2515 quadringenties,'

920 2529 955 2548 01·
972 2520 1056 2549 2400
1072 2518 1216 2548 hundred
1233 2519 1391 2549 thousand
1410 2518 1586 2548 *5135101111ν

964 2561 1033 2591 The
1049 2565 1113 2591 rest
1135 2561 1171 2590 of
1190 2561 1245 2591 the
1268 2562 1398 2601 chapter
1421 2562 1447 2591 is
1471 2561 1596 2600 printed
1619 2571 1653 2591 as
1676 2561 1701 2590 it

921 2604 1080 2643 generally
1098 2604 1205 2634 stands
1222 2605 1253 2633 in
1270 2605 1325 2635 the
1341 2604 1488 2634 editions.
1536 2605 1567 2634 lt
1583 2605 1608 2634 is
1625 2614 1699 2643 sup-

921 2647 1017 2687 posed
1035 2647 1104 2677 that
1120 2647 1208 2676 there
1224 2648 1249 2677 is
1265 2658 1283 2677 a
1300 2653 1306 2663 ¹
1319 2647 1431 2676 lacuna
1442 2646 1449 2659 '
1472 2646 1579 2677 before
1604 2650 1610 2663 ‘
1624 2657 1698 2675 num

922 2689 1070 2720 Gabinii!
1107 2690 1175 2720 The
1191 2691 1251 2720 end
1265 2690 1301 2719 of
1313 2690 1366 2720 the
1382 2694 1530 2719 sentence
1543 2693 1550 2706 ⁴
1566 2690 1698 2718 Romam

919 2733 1124 2763 contenderat
1138 2732 1146 2745 ’
1184 2733 1210 2763 is
1249 2736 1304 2762 not
1342 2732 1539 2771 intelligihlc.
1605 2731 1696 2760 llahn

919 2776 1019 2814 prints
1038 2776 1070 2804 in
1091 2776 1138 2805 his
1159 2779 1226 2805 text
1246 2776 1428 2814 ι(1115051111,
1454 2775 1510 2804 sibi
1535 2775 1696 2812 quam-iris.

919 2818 937 2838 *
963 2818 983 2838 *
1008 2818 1027 2838 *
1053 2828 1117 2848 11011
1143 2818 1269 2848 Gabinii
1286 2829 1391 2848 comes
1408 2818 1454 2847 vel
1479 2821 1621 2847 sectator.
1641 2824 1697 2842 nee

919 2861 958 2891 ad
985 2861 1112 2891 Gabinii
1137 2884 1144 2891 .
1170 2884 1177 2893 .
1204 2884 1212 2892 .

920 2903 1028 2933 deret.’

1237 2871 1301 2891 11011
1322 2861 1417 2891 dubia
1442 2861 1542 2889 Roma
1565 2861 1694 2887 eonten-
