1899 3227
745 168 878 210 CAP.
914 168 978 220 17,
1014 171 1078 210 18.
1663 175 1714 216 63

107 281 196 335 jam
217 280 259 321 in
281 280 435 322 scholis
456 284 555 322 sunt
576 279 722 322 relicti.
799 281 940 323 Multa
968 281 1077 322 enim
1105 282 1226 323 nobis
1253 283 1540 327 blandimenta
1564 291 1716 328 natura

112 345 202 400 ipsa
228 346 387 400 genuit,
412 345 562 401 quibus
588 346 727 400 sopita
748 346 881 387 virtus
910 347 1151 388 conniveret
1179 347 1414 390 interdum:
1455 350 1609 390 multas
1630 352 1716 392 vias

111 411 415 451 adolescentiae
437 410 618 451 lubricas
640 410 837 460 ostendit,
863 412 1014 466 quibus
1036 412 1104 452 illa
1125 412 1318 454 insistere
1344 419 1418 454 aut
1440 414 1600 468 ingredi
1627 416 1715 456 sine

111 490 208 516 casu
229 475 367 530 aliquo
389 480 463 516 aut
484 475 745 530 prolapsione
767 476 836 516 vix
858 484 1026 530 posset;
1061 478 1286 518 multarum
1308 493 1444 519 rerum
1463 479 1714 533 jucundissi-

111 556 272 581 marum
295 541 540 582 varietatem
567 542 695 589 dedit,
719 556 801 597 qua
831 557 912 582 non
945 543 1069 583 modo
1098 543 1198 584 haec
1226 550 1357 592 aetas,
1381 545 1454 585 sed
1484 545 1608 586 etiam
1627 546 1715 600 jam

111 607 382 647 corroborata
413 611 646 660 caperetur.
710 608 993 659 Quamobrem
1023 608 1058 648 si
1089 623 1211 663 quem
1239 610 1349 650 forte
1381 610 1622 651 inveneritis
1644 611 1714 666 qui

110 676 359 725 aspernetur
379 671 510 711 oculis
531 671 884 726 pulchritudinem
906 688 1057 722 rerum,
1082 688 1164 714 non
1196 675 1324 715 odore
1355 675 1450 725 ullo,
1476 690 1558 715 non
1580 681 1712 724 tactu,

109 749 191 775 non
233 750 381 790 sapore
424 735 625 790 capiatur,
655 736 852 777 excludat
892 738 1062 778 auribus
1103 753 1267 779 omnem
1308 739 1574 788 suavitatem,
1618 740 1713 781 huic

109 800 265 840 homini
298 815 376 856 ego
408 801 586 841 fortasse
615 806 659 842 et
686 801 806 855 pauci
839 802 939 842 deos
971 803 1185 857 propitios,
1210 804 1395 859 plerique
1422 811 1561 845 autem
1583 805 1714 846 iratos

109 866 333 919 putabunt.
396 865 583 906 XVIII.
618 865 734 920 Ergo
757 866 858 906 haec
881 867 1048 907 deserta
1069 867 1133 908 via
1164 873 1208 909 et
1238 868 1397 910 inculta
1427 874 1556 924 atque
1585 870 1713 911 inter—

111 930 225 971 clusa
261 931 349 984 jam
389 930 606 971 frondibus
640 936 684 971 et
716 931 909 985 virgultis
944 932 1230 987 relinquatur;
1276 934 1399 975 detur
1432 934 1558 989 aliqui
1591 935 1713 976 ludus

108 995 265 1043 aetati3
320 995 376 1036 sit
410 995 693 1037 adolescentia
726 996 944 1044 liberior3·
970 1012 1053 1038 non
1090 998 1228 1039 omnia
1264 999 1553 1054 voluptatibus
1590 1001 1711 1041 dene-

107 1064 284 1114 gentur:
338 1075 419 1101 non
462 1075 628 1116 semper
662 1066 832 1116 superet
868 1077 965 1102 vera
1001 1063 1069 1103 illa
1104 1069 1148 1105 et
1181 1064 1350 1105 derecta
1385 1065 1520 1111 ratio;
1570 1065 1712 1106 vincat

107 1125 329 1180 aliquando
366 1126 573 1180 cupiditas
608 1127 882 1182 voluptasque
922 1128 1141 1177 rationem,
1177 1129 1401 1170 dummodo
1438 1131 1508 1171 illa
1548 1130 1589 1171 in
1631 1131 1710 1172 hoc

107 1204 261 1244 genere
292 1191 568 1246 praescriptio
593 1192 906 1247 moderatioque
939 1198 1155 1235 teneatur:
1190 1199 1337 1249 parcat
1362 1196 1563 1249 juventus
1594 1196 1710 1251 pudi-

109 1255 232 1295 citiae
254 1270 365 1302 suae,
387 1270 438 1295 ne
459 1256 608 1310 spoliet
630 1257 818 1303 alienam,
841 1272 892 1298 ne
914 1258 1101 1299 effundat
1122 1259 1433 1312 patrimonium,
1458 1275 1508 1301 ne
1539 1261 1709 1302 foenore

108 1319 356 1368 trucidetur,
373 1335 423 1361 ne
446 1320 631 1362 incurrat
648 1321 688 1360 in
709 1321 881 1362 alterius
896 1322 1062 1363 domum
1080 1330 1206 1378 atque
1227 1325 1405 1373 famam;
1443 1340 1492 1366 ne
1511 1327 1708 1380 probrum

109 1384 248 1431 castis,
272 1384 407 1425 labem
430 1385 617 1439 integris,
642 1385 853 1426 infamiam
886 1387 1005 1427 bonis
1037 1380 1216 1435 inferat3
1256 1404 1307 1430 ne
1333 1405 1453 1445 quem
1476 1391 1514 1431 vi
1538 1397 1705 1440 terreat,

107 1463 159 1489 ne
180 1448 348 1490 intersit
369 1449 542 1497 insidiis,
567 1451 722 1491 scelere
754 1456 918 1492 careat:
953 1458 1176 1506 postremo,
1202 1469 1329 1508 quum
1362 1457 1547 1508 paruerit
1569 1457 1707 1511 volup-

107 1514 278 1562 tatibus,
302 1514 466 1555 dederit
487 1515 641 1569 aliquid
664 1516 865 1569 temporis
895 1517 949 1557 ad
980 1517 1121 1558 ludum
1142 1520 1298 1560 aetatis
1326 1526 1454 1575 atque
1485 1521 1538 1561 ad
1564 1521 1708 1562 inanes

106 1579 231 1619 hasce
261 1579 567 1620 adolescentiae
598 1580 865 1634 cupiditates,
891 1587 1059 1622 revocet
1080 1597 1124 1622 se
1145 1583 1368 1638 aliquando
1397 1586 1448 1625 ad
1483 1601 1626 1627 curam
1648 1587 1707 1628 rei

107 1643 371 1688 domesticae,
387 1643 446 1684 rei
462 1644 647 1692 sorensis,
664 1645 804 1699 reique
821 1645 1011 1699 publicae
1026 1663 1036 1692 ;
1060 1652 1107 1687 ut
1121 1662 1169 1687 ea
1187 1663 1293 1703 quae
1308 1650 1469 1691 ratione
1483 1656 1608 1691 antea
1623 1667 1706 1692 non

105 1713 387 1763 perspexerat,
412 1708 611 1750 satietate
632 1710 850 1764 abjecisse,
876 1710 1128 1766 experiendo
1151 1715 1453 1768 contempsisse
1476 1716 1680 1757 videatur.

163 1773 230 1814 Ac
269 1774 388 1815 multi
429 1779 472 1815 et
507 1779 653 1815 nostra
685 1778 728 1815 et
763 1783 928 1829 patrum
964 1777 1251 1833 majorumque
1287 1780 1499 1827 memoria,
1528 1781 1704 1834 judices.

104 1838 252 1878 summi
289 1839 475 1879 homines
510 1845 552 1880 et
585 1839 799 1880 clarissimi
835 1840 946 1881 cives
976 1841 1156 1892 fuerunt,
1186 1857 1360 1897 quorum
1389 1859 1515 1899 quum
1546 1846 1706 1887 adoles-

106 1903 267 1944 centiae
289 1903 542 1959 cupiditates
564 1904 847 1955 defervissent,
873 1905 1050 1947 eximiae
1072 1907 1250 1949 virtutes
1272 1909 1438 1951 firmata
1455 1911 1543 1964 jam
1565 1917 1707 1953 aetate

105 1968 373 2010 exstiterunt.
436 1969 504 2010 Ex
526 1969 675 2025 quibus
696 1970 904 2011 neminem
926 1972 1025 2012 mihi
1048 1987 1219 2014 necesse
1245 1979 1311 2015 est
1336 1975 1577 2023 nominarc3
1614 1991 1705 2018 vos-

149 2107 203 2146 qui
227 2108 433 2147 aspernetur]
482 2107 589 2138 When
613 2119 631 2139 a
654 2119 727 2139 man
748 2109 804 2139 has
827 2111 882 2148 got

104 2152 137 2179 to
153 2150 217 2180 this
233 2151 333 2189 point,
350 2154 383 2180 to
400 2151 474 2180 shut
491 2151 539 2181 his
555 2161 628 2190 eyes
645 2155 678 2181 to
694 2152 748 2182 the
765 2152 881 2191 beauty

104 2193 138 2222 of
147 2193 263 2232 things,
276 2193 337 2223 and
351 2198 382 2223 to
395 2194 488 2233 enjoy
502 2204 584 2224 none
594 2195 628 2224 of
637 2195 690 2225 the
703 2196 881 2226 sensations

104 2235 140 2264 of
162 2236 262 2265 which
285 2237 332 2266 his
355 2236 448 2275 being
472 2238 497 2267 is
520 2238 699 2277 coniposed,
724 2238 763 2267 he
786 2238 822 2273 is,
847 2249 880 2268 as

104 2278 256 2308 Aristotle
277 2289 347 2318 says
368 2279 459 2320 (Eth.
483 2280 607 2310 Nicom.
630 2281 673 2311 iii.
695 2291 720 2310 e.
750 2280 813 2322 ll),
836 2282 881 2311 far

105 2321 184 2350 from
201 2321 295 2361 being
311 2333 328 2351 a
345 2323 463 2352 human
488 2328 639 2353 creature.
689 2324 752 2353 But
774 2324 813 2353 he
829 2333 878 2354 re-

105 2363 209 2393 marks
224 2376 230 2393 :
249 2368 268 2381 ⁴⁴
282 2365 374 2395 those
387 2366 456 2395 who
472 2376 523 2396 arc
540 2366 687 2396 deficient
704 2367 735 2396 in
752 2367 806 2396 the
822 2377 877 2396 en-

102 2405 246 2444 joyment
269 2407 304 2436 of
322 2408 479 2446 pleasures
502 2409 563 2438 and
584 2410 656 2439 take
678 2410 738 2439 less
759 2410 878 2449 (lelight

105 2448 136 2476 in
159 2448 244 2478 them
270 2449 344 2479 than
361 2451 386 2480 is
403 2451 495 2490 right.
513 2462 565 2482 are
583 2456 638 2482 not
655 2463 727 2492 very
746 2453 876 2492 many.''

106 2491 244 2520 Cicero's
261 2491 373 2522 foolish
389 2494 452 2523 talk
471 2495 572 2524 would
590 2496 625 2525 fit
641 2506 701 2525 one
713 2496 748 2524 of
761 2497 815 2525 the
827 2496 879 2525 old

105 2534 246 2569 ascetics,
282 2534 327 2564 St.
360 2536 489 2576 Antony
520 2538 594 2567 with
622 2539 669 2568 his
696 2543 770 2578 goat
797 2539 878 2568 skin.

107 2576 189 2605 Such
207 2586 225 2605 a
242 2587 324 2612 man,
342 2588 411 2616 says
428 2578 547 2615 Cicero,
570 2581 706 2615 himself,
730 2582 878 2621 perhaps,

104 2619 167 2648 and
181 2630 199 2648 a
216 2619 271 2648 few
289 2620 389 2649 would
406 2621 479 2650 look
496 2632 535 2652 on
552 2633 586 2653 as
602 2625 655 2653 the
673 2624 826 2654 favourilc
847 2625 884 2654 of

105 2661 159 2691 the
174 2662 262 2701 gods,
277 2662 333 2691 but
350 2667 431 2692 most
445 2665 555 2703 people
571 2667 633 2696 will
649 2667 738 2696 think
756 2668 826 2697 that
840 2667 879 2697 he

104 2703 130 2734 is
147 2709 212 2734 not.
252 2705 324 2735 And
342 2706 415 2745 they
433 2706 493 2735 will
510 2707 598 2737 think
616 2709 708 2747 right.
748 2710 879 2740 Abrami

105 2751 217 2787 quotes
237 2747 361 2777 Horace
378 2748 459 2788 (Sat.
476 2749 508 2778 ii.
525 2751 555 2786 3,
573 2760 601 2780 v.
623 2752 696 2792 122)
713 2764 720 2781 :

105 2808 124 2823 “
140 2806 236 2836 Filius
258 2811 314 2836 aut
343 2807 437 2837 etiam
462 2808 537 2838 haec
565 2808 696 2839 libertus
715 2813 750 2840 ut
774 2811 881 2842 ebibat

220 2849 335 2885 xheres,

134 2890 192 2922 Dis
208 2892 334 2922 inimice
350 2903 456 2930 senex,
474 2894 613 2924 custodis
630 2904 670 2924 ne
685 2894 742 2925 tibi
759 2895 875 2933 desit,’'

125 2950 156 2966 <v

927 2112 959 2139 to
975 2111 1100 2150 explain
1118 2116 1125 2129 ⁴
1139 2112 1215 2142 deos
1231 2113 1410 2152 propitios!

973 2155 1021 2184 18.
1047 2156 1148 2194 aliqui
1165 2156 1275 2195 ludus]
1296 2157 1333 2186 T.
1379 2157 1517 2195 ‘aliquid
1531 2156 1538 2169 ⁹
1565 2158 1597 2187 P.
1611 2158 1647 2188 E.
1664 2158 1703 2189 G.

928 2196 986 2226 See
1008 2207 1033 2227 c.
1060 2199 1163 2228 12.—‘
1177 2198 1323 2228 derecta'
1350 2200 1382 2229 P.
1423 2205 1429 2216 ⁴
1443 2200 1578 2230 direeta'
1602 2201 1702 2231 (todd.

925 2240 990 2269 rell.
1021 2241 1161 2282 (Halm.)
1210 2243 1268 2272 See
1284 2252 1308 2271 c.
1329 2244 1375 2278 16,
1394 2247 1477 2272 note.
1527 2244 1589 2273 But.
1610 2244 1702 2274 llalm

926 2282 1021 2322 keeps
1039 2284 1212 2314 ‘directum
1226 2285 1232 2297 '
1259 2285 1299 2325 (e.
1327 2286 1390 2325 17).
1441 2286 1453 2315 I
1480 2297 1616 2325 suppose
1635 2288 1704 2317 that

924 2328 931 2342 ⁴
946 2325 1091 2357 derectus
1105 2327 1111 2338 '
1125 2328 1150 2356 is
1167 2328 1222 2357 the
1238 2329 1374 2367 germine
1392 2329 1537 2358 form—¹
1550 2330 1603 2359 illa
1627 2353 1633 2360 .
1662 2353 1668 2360 .
1697 2353 1703 2360 .

924 2371 1129 2409 praescriptio
1145 2370 1164 2399 :'
1186 2371 1241 2401 the
1262 2371 1356 2405 rules,
1382 2372 1483 2401 which
1508 2372 1547 2402 he
1565 2373 1589 2402 is
1606 2374 1704 2412 going

924 2415 956 2441 to
973 2414 1200 2447 inention,an‹l
1218 2415 1368 2453 certainly
1387 2415 1459 2454 they
1477 2426 1529 2445 ure
1546 2426 1617 2455 very
1636 2427 1702 2445 rea-

923 2455 1053 2485 sonable
1078 2457 1162 2486 rules
1190 2461 1223 2486 to
1248 2457 1388 2487 observe.
1442 2459 1525 2487 Bake
1552 2469 1703 2498 proposes

925 2501 958 2527 to
975 2499 1062 2528 write
1080 2503 1086 2516 ⁸
1100 2504 1256 2535 teneatur,
1275 2506 1309 2529 nt
1326 2500 1456 2539 parents

968 2541 1192 2582 deservis-vent]
1253 2548 1259 2558 ¹
1274 2543 1526 2574 ‹lvferlmissent'
1559 2544 1700 2584 (llnlm).

924 2583 1066 2614 Terence
1083 2585 1236 2625 (Adelphi
1254 2586 1273 2615 i.
1292 2589 1322 2622 2,
1340 2586 1395 2627 72)
1411 2599 1417 2615 :

939 2654 959 2668 ‘⁴
973 2652 1143 2691 Sperabam
1159 2653 1223 2691 jam
1241 2653 1408 2683 defervisse
1423 2652 1701 2683 uilolescentinm.''

925 2726 1036 2757 Cicero
1053 2727 1118 2767 (De
1136 2728 1207 2758 Sen.
1222 2739 1245 2758 e..
1269 2729 1320 2766 13)
1339 2739 1428 2768 says:
1448 2734 1466 2746 ⁴·
1482 2729 1555 2758 Erat
1573 2728 1697 2767 quidum

925 2770 1026 2799 fervor
1042 2771 1163 2804 aetatis.
1180 2782 1241 2810 qun
1257 2773 1475 2811 progrediente
1498 2772 1602 2800 omnin
1621 2771 1700 2798 fiunt.

925 2813 956 2842 in
974 2812 1040 2842 dies
1057 2814 1218 2843 initiora.'’

965 2865 1088 2885 necesse
1118 2859 1180 2894 est]
1238 2860 1245 2872 ¹
1259 2856 1359 2890 libe&
1400 2856 1538 2892 Madvig.
1581 2854 1694 2887 llul=n;

924 2902 932 2915 ⁸
946 2898 1063 2937 liquet’
1083 2899 1116 2928 P.
1164 2901 1171 2915 ‘
1188 2909 1319 2929 necesse
1335 2903 1382 2928 est
1395 2899 1401 2911 ¹
1421 2899 1457 2928 Ε.
1473 2900 1512 2927 (j.
1530 2898 1562 2925 S.
1604 2895 1697 2924 Klotz

1208 2941 1223 2952 Π
