1816 3211
100 158 183 199 262
514 159 694 201 ORAT.
727 159 847 202 PRO
880 160 971 202 GN.
1006 160 1276 202 PLANCIO

99 285 264 327 pueros,
289 271 359 327 qui
390 272 479 327 jam
510 287 716 328 nusquam
751 278 885 321 erant,
909 274 984 314 sed
1015 278 1064 314 ut
1095 287 1174 314 nos
1203 278 1248 315 et
1279 278 1448 317 nostros
1466 275 1620 317 liberos
1639 277 1693 317 ad

99 338 285 378 laborem
319 343 362 379 et
397 338 450 378 ad
484 337 647 378 laudem
680 338 896 379 excitaret.
961 338 1138 390 Quaeris
1172 338 1270 393 quid
1300 341 1486 393 potuerit
1515 341 1693 397 amplius

101 402 268 457 assequi
291 402 501 452 Plancius,
525 402 560 443 si
583 402 658 444 Cn.
685 402 893 457 Scipionis
914 402 1062 444 fuisset
1090 402 1212 445 filius.
1276 404 1419 459 Magis
1439 406 1582 447 aedilis
1602 407 1692 447 fieri

97 482 182 508 11011
222 468 440 523 potuisset,
482 468 555 507 sed
596 468 674 508 hoc
715 471 964 522 praestaret,
1007 468 1119 522 quod
1160 468 1197 509 ei
1244 469 1382 510 minus
1421 471 1690 512 invideretur.

99 532 272 573 Etenim
307 533 511 572 honorum
546 533 704 586 gradus
738 532 912 572 summis
933 532 1170 574 hominibus
1191 538 1235 575 et
1265 534 1417 575 infimis
1438 540 1536 577 sunt
1556 551 1689 591 pareS,

96 597 251 652 gloriae
273 597 470 651 dispares.
533 596 694 639 XXV.
728 597 832 650 Quis
852 603 1043 639 nostrum
1064 613 1108 639 se
1137 599 1241 640 dicit
1265 599 1340 640 Μ’.
1363 600 1502 651 Curio,
1528 601 1620 655 quis
1643 601 1690 641 G.

100 661 308 711 Fabricio,
333 662 425 716 quis
448 661 495 702 O.
520 661 677 703 Duillio
698 663 873 717 parem?
903 663 995 717 quis
1025 663 1158 704 Atilio
1183 663 1402 706 Calatino?
1433 665 1526 720 quis
1549 665 1626 706 Gn.
1648 671 1692 707 et

97 727 148 769 Ρ.
173 726 471 782 Scipionibus?
502 727 594 783 quis
632 727 845 778 Africano,
883 728 1102 779 Marcello,
1129 729 1346 771 Maximo?
1407 730 1566 772 Tamen
1600 745 1691 772 eos-

96 792 191 833 dem
212 806 356 833 sumus
376 792 582 833 honorum
616 793 772 847 gradus
794 807 898 848 quos
918 793 975 834 illi
997 794 1197 836 assecuti.
1258 795 1432 836 Etenim
1461 795 1505 836 in
1519 795 1691 845 ,virtute

95 856 217 898 multi
238 862 338 898 sunt
363 871 574 907 ascensus,
598 862 647 899 ut
678 857 714 899 is
743 859 925 900 maxime
955 859 1088 915 gloria
1119 859 1297 901 excellat,
1327 860 1398 916 qui
1427 861 1584 902 virtute
1604 861 1690 916 plu-

95 922 246 962 rimum
266 927 467 977 praestet.
530 922 752 964 Honorum
768 924 911 979 populi
932 924 1026 965 finis
1043 930 1110 966 est-
1124 925 1381 977 consulatus,
1401 940 1524 981 quem
1537 926 1692 981 magis-

95 992 256 1028 tratum
273 988 361 1041 jam
384 988 616 1042 octingenti
651 989 737 1029 fere
773 989 991 1030 consecuti
1024 994 1136 1031 sunt.
1198 990 1377 1040 Horum,
1401 991 1436 1032 si
1469 991 1693 1045 diligenter

95 1067 281 1107 quaeres,
304 1052 373 1093 vix
395 1053 598 1094 decimam
618 1059 784 1108 partem
804 1055 1040 1109 reppereris
1060 1054 1194 1110 gloria
1217 1055 1397 1110 dignam.
1461 1054 1546 1097 Sed
1567 1071 1689 1097 nemo

94 1132 291 1172 umquam
312 1118 372 1158 sic
407 1118 494 1172 egit
515 1123 562 1159 ut
592 1124 666 1160 tu:
703 1118 788 1159 Cur
818 1119 900 1160 iste
930 1120 980 1161 fit-
1011 1120 1186 1161 consul?
1216 1120 1316 1175 quid
1338 1121 1479 1175 potuit
1497 1122 1688 1176 amplius,

94 1183 130 1224 si
151 1183 198 1223 L.
215 1182 374 1223 Brut-us
395 1188 518 1233 esset,
538 1183 607 1238 qui
626 1183 842 1224 civitatem
864 1184 1079 1225 dominatu
1096 1185 1213 1237 regio
1234 1185 1427 1226 liberavit
1440 1186 1690 1227 Z—Honore

93 1247 195 1288 nihil
235 1247 424 1302 amplius,
462 1248 586 1288 laude
621 1248 813 1288 multum.
876 1248 946 1289 Sic
982 1248 1111 1303 igitur
1148 1249 1346 1290 Plancius
1385 1250 1512 1291 nihilo
1553 1251 1691 1292 minus

94 1316 291 1366 quaestor
305 1316 370 1352 est
391 1312 530 1353 factus
547 1317 591 1353 et
602 1312 797 1354 tribunus
817 1313 951 1368 plebis
968 1319 1012 1355 et
1028 1314 1173 1355 aedilis
1195 1329 1321 1370 quam
1341 1315 1376 1356 si
1396 1320 1509 1357 esset
1528 1331 1690 1357 summo

91 1377 184 1417 loco
205 1381 360 1425 natus;
395 1378 469 1418 sed
490 1378 593 1419 haec
615 1378 705 1434 pari
736 1379 829 1420 loco
861 1379 942 1420 orti
973 1384 1073 1421 sunt
1103 1379 1426 1422 innumerabiles
1455 1381 1524 1422 alii
1546 1396 1691 1423 conse-

92 1442 192 1483 cuti.
255 1441 427 1484 Profers
462 1442 698 1499 triumphos
733 1444 782 1484 T.
816 1444 931 1485 Didii
964 1449 1009 1486 et
1042 1444 1088 1487 O,
1129 1445 1270 1496 Marii,
1305 1451 1350 1487 et
1389 1446 1555 1502 quaeris
1590 1447 1691 1502 quid

92 1507 225 1548 simile
257 1507 299 1548 in
334 1508 532 1558 Plancio;
569 1509 688 1565 quasi
723 1524 822 1551 vero
855 1509 937 1561 isti,
974 1524 1079 1566 quos
1117 1525 1429 1560 commemoras,
1463 1517 1691 1567 propterea

90 1573 368 1629 magistratus
400 1574 588 1629 ceperint
620 1575 732 1630 quod
772 1574 1096 1630 triumpharant,
1133 1580 1177 1617 et
1208 1590 1304 1625 non,
1346 1577 1444 1632 quia
1477 1577 1690 1618 commissi

93 1643 194 1680 sunt
237 1638 288 1680 iis
327 1639 602 1695 magistratus
646 1639 708 1696 [in
753 1640 924 1696 quibus]
966 1656 1013 1686 re
1061 1641 1167 1682 bene
1207 1646 1329 1697 gesta
1374 1642 1687 1697 triumpharint.

91 1774 117 1804 it
148 1774 174 1804 is
201 1776 370 1815 supposed,
392 1777 425 1807 in
447 1776 566 1807 Attius’
591 1777 674 1817 play.
722 1777 780 1808 See
807 1778 868 1808 Pro

93 1817 206 1854 Sestio,
224 1829 250 1848 c.
274 1821 324 1854 48,
349 1820 411 1849 and
435 1820 490 1850 the
512 1824 597 1850 note.
644 1821 743 1850 What
759 1821 868 1851 Cicero

93 1859 168 1890 here
184 1865 296 1900 quotes
313 1862 339 1891 is
355 1862 411 1891 the
426 1866 554 1901 precept
578 1863 649 1892 that
673 1863 712 1892 he
735 1874 811 1901 gave
834 1868 867 1893 to

92 1902 142 1932 his
169 1913 236 1933 son.
284 1904 334 1933 He
364 1915 472 1934 means
498 1905 568 1935 that
594 1905 649 1935 the
678 1910 742 1935 rest
767 1906 869 1935 which

90 1945 223 1982 follows,
254 1947 317 1976 and
347 1947 467 1986 begins,
500 1948 561 1977 ‘Id
592 1948 676 1988 quod
706 1949 798 1977 multi
821 1949 869 1977 in-

91 1989 241 2025 videant,’
253 1990 372 2029 applies
382 1994 416 2021 to
429 1990 567 2028 Cassius,
579 1991 643 2021 and
654 1991 791 2030 through
803 1991 868 2020 him

91 2034 125 2061 to
143 2032 324 2062 Laterensis
338 2044 345 2062 :

93 2095 113 2108 “
130 2091 167 2121 Id
190 2092 275 2131 quod
298 2092 390 2122 multi
411 2092 574 2123 invideant
596 2092 751 2133 multique
774 2103 868 2133 expe-

188 2138 267 2170 tant,
284 2135 437 2165 inscitiast

133 2177 296 2207 Postulare
312 2178 337 2208 si
352 2178 490 2208 laborem
507 2188 629 2208 summa
644 2187 717 2208 cum
732 2188 806 2208 cura
817 2188 868 2208 ec-

177 2220 258 2250 feras

132 2261 303 2293 Nunum.’¹

92 2329 152 2359 See
172 2329 226 2359 the
252 2332 328 2360 note
352 2339 394 2359 on
416 2329 472 2360 the
498 2329 559 2360 Pro
585 2330 696 2361 Sestio.
743 2331 783 2361 In
803 2332 867 2363 this

90 2382 222 2412 passage
237 2372 382 2402 Wunder
397 2373 501 2412 places
517 2377 524 2391 ⁴
541 2374 578 2404 Id
599 2375 683 2414 quod
708 2375 798 2405 multi
818 2376 866 2405 in-

92 2415 219 2445 videant
233 2415 240 2428 '
257 2415 290 2445 in
309 2417 321 2452 [
348 2415 377 2454 ].

134 2460 187 2489 25.
204 2458 267 2488 M’.
284 2457 396 2497 Curio]
422 2457 550 2489 Manius
566 2459 680 2490 Curius
697 2460 865 2498 Dentatus,

91 2501 146 2532 the
162 2511 337 2541 conqueror
359 2501 394 2531 of
414 2501 489 2541 king
515 2503 662 2542 Pyrrhus.
708 2504 761 2533 All
776 2505 866 2534 these

91 2544 239 2574 worthies
269 2544 348 2574 have
378 2544 464 2574 often
497 2545 577 2575 been
610 2547 794 2577 mentioned
824 2547 866 2587 by

91 2587 212 2618 Cicero.
258 2587 326 2617 The
351 2597 544 2626 praenomen
568 2588 603 2618 of
624 2589 750 2619 Duilius
778 2590 804 2620 is
829 2590 867 2620 P.

89 2630 122 2660 in
140 2630 195 2660 the
210 2629 328 2666 Mss.;
355 2630 413 2660 but
428 2630 476 2660 his
492 2641 585 2661 name
602 2642 662 2662 was
679 2632 715 2662 C.
728 2633 865 2670 Duilius,

89 2673 145 2703 the
168 2683 242 2702 man
268 2673 338 2702 who
364 2673 433 2703 first
456 2674 567 2711 gained
591 2685 609 2704 a
633 2675 724 2704 naval
747 2676 866 2716 victory

90 2727 165 2746 over
179 2716 234 2745 the
251 2715 500 2754 Carthaginians.
540 2717 608 2746 The
623 2717 719 2747 MSS.
736 2719 866 2757 reading

89 2760 116 2790 is
134 2758 299 2794 ‘Duellio,'
310 2759 412 2788 which
429 2759 534 2789 Baiter
550 2760 616 2789 has.
643 2760 793 2790 Garatoni
809 2763 865 2791 has

89 2813 108 2832 a
133 2803 208 2840 long
233 2805 307 2832 note
329 2811 370 2831 on
394 2802 447 2831 the
471 2803 594 2842 writing
616 2803 652 2833 of
676 2806 683 2820 ‘
698 2804 864 2841 Duellius,'

90 2849 98 2862 ⁴
114 2844 275 2881 Duillius‚'
292 2854 328 2875 or
345 2847 352 2862 ‘
368 2844 517 2875 Duilius!
563 2846 602 2876 In
618 2846 672 2876 the
693 2846 819 2883 Orator,
838 2858 863 2877 c.

89 2890 142 2925 45,
159 2888 249 2919 there
263 2888 290 2919 is
301 2887 364 2919 this
380 2897 526 2928 passage:
548 2891 568 2906 ‘⁴
580 2889 663 2919 Nam
677 2892 712 2920 ut
725 2889 864 2920 duellum

912 1777 1032 1808 bellum
1049 1780 1081 1808 et
1097 1777 1170 1808 duis
1192 1777 1251 1815 bis,
1269 1778 1314 1808 sic
1328 1779 1506 1815 Duellium,
1528 1789 1612 1816 eum,
1635 1780 1689 1819 qui

914 1821 1036 1850 Poenos
1060 1821 1158 1850 classe
1188 1821 1311 1857 devicit,
1341 1822 1482 1851 Bellium
1506 1823 1687 1852 nominave-

911 1866 997 1899 runt,
1015 1873 1086 1892 cum
1103 1863 1280 1902 superiores
1303 1864 1452 1902 appellati
1477 1868 1582 1894 essent
1605 1875 1687 1895 sem-

911 1915 968 1944 per
992 1906 1116 1934 Duellz'i
1130 1905 1150 1919 '’
1182 1905 1258 1945 (and
1280 1906 1434 1936 GoeHer's
1456 1907 1559 1948 note).
1606 1908 1638 1938 It
1661 1909 1688 1938 is

911 1947 1073 1987 probablc,
1101 1958 1136 1977 as
1157 1948 1309 1978 Garatoni
1339 1959 1419 1988 says,
1450 1950 1521 1980 that
1550 1951 1606 1981 the
1635 1951 1688 1981 old

911 1991 1036 2030 writing
1050 2000 1113 2020 was
1131 1994 1138 2007 ‘
1153 1991 1188 2021 C.
1207 1991 1372 2029 Dueilios,’
1389 1996 1445 2022 out
1460 1993 1496 2023 of
1507 1994 1609 2024 which
1631 1995 1687 2024 the

910 2033 992 2063 form
1018 2033 1200 2064 ‘Duellius'
1224 2035 1320 2074 easily
1345 2045 1460 2072 comes,
1483 2046 1524 2066 an
1541 2037 1568 2066 L
1592 2037 1688 2076 being

910 2077 1035 2106 written
1050 2076 1099 2106 for
1114 2087 1154 2106 an
1172 2077 1187 2106 I
1201 2088 1209 2113 3
1233 2077 1296 2107 and
1319 2077 1400 2107 from
1417 2080 1424 2095 ‘
1438 2079 1581 2109 Dueilios
1593 2079 1601 2093 '
1619 2080 1685 2110 also

910 2129 1014 2149 comes
1041 2119 1096 2149 the
1122 2120 1204 2149 form
1221 2120 1389 2157 ‘Duilius,’
1414 2121 1462 2151 for
1486 2121 1542 2151 the
1569 2122 1687 2152 similar

909 2163 1035 2192 ancient
1067 2162 1166 2193 forms
1196 2162 1231 2192 of
1254 2164 1470 2203 orthography
1501 2164 1684 2204 ‘preimus,’

910 2203 1056 2241 ‘meilia,'
1084 2205 1219 2241 ‘ceivis,'
1247 2216 1328 2237 were
1351 2207 1493 2246 changed
1515 2207 1584 2238 into
1601 2208 1684 2248 ‘pri-

908 2247 1002 2282 mus,’
1021 2251 1028 2264 ‘
1042 2248 1149 2286 milia,'
1167 2253 1174 2265 ‘
1186 2248 1283 2279 civis.¹

953 2301 1086 2330 quaeres
1109 2313 1118 2321 .
1144 2314 1151 2322 .
1177 2314 1185 2322 .
1215 2315 1222 2322 .
1246 2292 1442 2332 reppereris]
1491 2292 1599 2323 Baiter
1628 2293 1685 2324 has

911 2336 1062 2373 ‘quaeres
1079 2357 1086 2365 .
1103 2357 1112 2365 .
1131 2356 1138 2364 .
1155 2335 1314 2374 reperies.’
1359 2335 1397 2366 T.
1422 2336 1479 2365 has
1499 2339 1507 2353 ‘
1520 2337 1684 2376 repperis‚'

908 2377 970 2407 and
998 2377 1036 2406 E.
1063 2377 1224 2417 ‘reperis‚’
1252 2378 1354 2408 which
1377 2388 1431 2408 are
1456 2378 1490 2408 in
1519 2379 1630 2409 favour
1651 2379 1689 2410 of

908 2419 1083 2450 VVunder’s
1113 2421 1327 2458 emendation,
1359 2422 1577 2461 ‘reppereris'
1622 2422 1684 2452 We

909 2463 1001 2493 could
1014 2463 1102 2493 write
1120 2466 1127 2480 ‘
1139 2473 1269 2503 quaeras
1294 2486 1301 2493 .
1328 2486 1336 2494 .
1361 2486 1368 2494 .
1392 2464 1551 2504 reperias,’
1565 2464 1632 2501 but,
1649 2475 1684 2495 as

907 2505 1052 2536 Wunder
1082 2506 1234 2546 correctly
1269 2507 1425 2543 observes,
1461 2510 1480 2524 “
1497 2517 1563 2537 non
1598 2508 1684 2538 enim

908 2549 1122 2588 quaerendum
1144 2549 1219 2589 quid
1243 2549 1303 2579 dici
1323 2549 1473 2590 potuerit,
1498 2550 1551 2580 sed
1574 2550 1683 2581 viden-

907 2592 983 2621 dum
1011 2602 1106 2632 quam
1129 2592 1317 2632 scripturam
1346 2593 1490 2623 codicum
1513 2594 1684 2624 auctoritas

906 2635 1043 2665 maxime
1062 2635 1223 2665 tueatur.’'

955 2679 990 2708 T.
1009 2678 1119 2717 Didii]
1169 2678 1255 2708 Both
1276 2678 1390 2708 Didius
1405 2678 1468 2708 and
1483 2677 1605 2708 Marius
1620 2677 1683 2708 had

907 2723 968 2750 two
999 2721 1167 2760 triumphs.
1214 2721 1250 2751 C.
1283 2721 1405 2751 Marius
1434 2722 1461 2750 is
1490 2731 1509 2750 a
1535 2721 1682 2759 standing

907 2773 1081 2802 personage
1096 2765 1129 2793 in
1153 2763 1290 2794 Cicero's
1307 2764 1466 2800 orations;
1489 2763 1551 2792 and
1567 2764 1681 2793 Didius

907 2806 964 2836 has
974 2806 1040 2836 also
1050 2807 1130 2836 been
1143 2807 1324 2836 mentioned
1341 2806 1417 2846 (Pro
1433 2806 1579 2844 Murena,
1595 2817 1620 2836 c.
1633 2808 1679 2847 3).

949 2852 1039 2888 qesta
1056 2849 1306 2889 triumpharint]
1354 2849 1423 2878 The
1437 2848 1566 2888 reading
1581 2849 1614 2879 in
1625 2850 1681 2879 the

908 2893 976 2922 text
998 2891 1024 2923 is
1049 2891 1239 2924 Garatoni's.
1284 2891 1322 2922 T.
1340 2891 1378 2922 E.
1395 2891 1474 2922 have
1490 2895 1497 2909 ⁴
1510 2891 1544 2922 in
1566 2892 1680 2932 quibus
