1816 3211
742 198 875 242 CAP.
909 201 1034 241 1—3.
1607 206 1688 247 605

96 309 291 351 cernendi
320 309 430 352 enim
459 315 626 367 tempus
656 312 842 353 nondum
872 316 992 361 erat;
1025 312 1123 353 belli
1152 316 1295 354 autem
1325 314 1501 369 gerendi
1521 319 1690 371 tempus

97 374 132 415 si
153 375 518 430 praetermisisset,
542 376 710 417 videbat
729 392 774 418 re
796 377 960 432 publiea
990 392 1188 433 oppressa
1218 377 1319 418 nihil
1349 393 1474 433 posse
1506 380 1689 422 decerni.

43 447 45 449 '
97 438 214 493 Ergo
250 440 307 481 illi
339 455 448 481 nunc
484 446 527 481 et
564 456 707 482 eorum
742 442 954 483 exercitus
985 442 1027 483 in
1062 457 1165 497 pace
1198 451 1431 484 versantur.
1493 444 1590 485 Non
1625 450 1691 486 est

97 504 232 545 hostis
252 505 287 546 is
308 506 428 560 cujus
448 506 700 560 praesidium
723 505 920 547 Claterna
943 507 1096 561 dejecit
1119 507 1290 549 Hirtius
1309 524 1317 548 :
1351 523 1435 549 non
1463 514 1529 550 est
1555 510 1690 552 hostis

99 570 169 624 qui
191 570 349 611 consuli
370 576 558 611 armatus
589 571 771 621 obsistit,
795 571 1061 626 designatum
1092 572 1306 613 consulem
1336 580 1578 628 oppugnat:
1614 590 1690 616 nec

96 633 166 673 illa
194 634 364 675 host-ilia
383 635 509 675 verba
539 650 616 676 nec
646 636 806 685 bellica,
830 651 936 691 quae
967 637 1106 691 paullo
1128 642 1227 678 ante
1256 652 1308 678 ex
1330 638 1515 694 collegae
1536 639 1690 681 litteris

99 698 241 738 Pansa
271 698 490 739 recitavit:
528 703 536 719 ‘
554 699 702 753 Dejeei
733 701 1012 755 praesidium:
1049 701 1246 742 Claterna
1275 703 1439 757 potitus
1469 719 1585 746 sum:
1629 705 1690 746 fu-

98 763 187 818 gati
227 763 412 817 equites:
455 763 657 818 praelium
698 765 991 805 commissum:
1039 766 1166 806 occisi
1206 766 1567 821 aliquot.'——Quae
1607 784 1691 825 pax

89 821 240 882 ‘potest
260 842 351 869 esse
372 829 531 883 major?
592 828 795 869 Delectus
817 833 911 870 tota
935 829 1059 870 Italia
1081 830 1251 880 decreti,
1269 831 1446 872 sublatis
1462 834 1690 875 vacationi-

98 893 200 933 bus:
234 908 337 947 saga
367 907 460 934 cras
491 898 737 934 sumentur:
773 894 919 934 consul
951 909 995 935 se
1028 909 1123 935 cum
1155 895 1362 950 praesidio
1394 897 1692 940 descensurum

98 972 188 999 esse
209 958 329 999 dixit.

155 1021 315 1064 Utrum
347 1023 427 1064 hoc
459 1023 614 1064 bellum
644 1038 728 1064 non
763 1026 858 1066 est?
919 1023 1064 1065 Etiam
1095 1028 1263 1065 tantum
1299 1025 1452 1067 bellum
1489 1033 1691 1082 qua-ntum

96 1103 324 1143 numquam
363 1088 455 1129 fuit.
531 1088 695 1130 Ceteris
736 1089 846 1130 enim
892 1089 1012 1130 bellis
1058 1089 1325 1145 maximeque
1365 1092 1554 1133 civilibus
1595 1109 1691 1134 con-

96 1153 328 1194 tent-ionem
350 1153 409 1194 rei
430 1153 620 1208 publicae
642 1168 788 1195 caussa
807 1154 1005 1196 faciebat.
1069 1155 1183 1196 Sulla
1203 1170 1298 1196 cum
1322 1155 1504 1211 Sulpicio
1527 1159 1578 1199 de
1595 1160 1691 1213 jure

98 1217 250 1272 legum,
280 1232 382 1273 quas
411 1233 485 1272 per
509 1219 591 1259 vim
622 1218 728 1259 latas
764 1218 878 1259 Sulla
914 1219 1104 1260 dicebat:
1141 1219 1274 1261 Cinna
1304 1235 1398 1262 cum
1426 1223 1602 1264 Octavio
1639 1225 1691 1264 de

97 1297 298 1323 novorum
319 1282 468 1323 civium
490 1283 724 1337 suffragiis:
759 1298 902 1324 rursus
925 1299 1020 1325 eum
1045 1284 1184 1325 Mario
1206 1290 1249 1326 et
1272 1285 1462 1327 Carbone
1487 1287 1615 1337 Sulla,
1639 1304 1690 1329 ne

99 1347 414 1389 dominarentur
443 1347 602 1401 indigni
633 1352 677 1388 et
698 1352 746 1388 ut
771 1348 1094 1389 clarissimorum
1121 1349 1334 1390 hominum
1363 1352 1690 1394 crudelissimam

97 1412 314 1468 puniretur
344 1426 503 1453 necem.
566 1412 733 1452 Horum
764 1413 948 1454 omnium
979 1413 1180 1454 bellorum
1210 1429 1381 1456 caussae
1412 1431 1464 1457 ex
1496 1418 1554 1458 rei
1586 1420 1688 1473 pub—

97 1477 203 1518 licae
238 1477 505 1518 contentione
535 1481 660 1518 natae
692 1483 803 1518 sunt.
866 1478 932 1518 De
967 1478 1157 1532 proximo
1194 1479 1301 1519 bello
1331 1480 1438 1520 civili
1469 1496 1551 1521 non
1586 1483 1689 1524 libet

98 1542 260 1583 dicere:
296 1542 441 1596 ignoro
463 1556 678 1582 caussam:
713 1542 901 1583 detestor
921 1543 1094 1584 exitum.
1159 1543 1245 1584 III.
1280 1544 1376 1585 Hoc
1398 1546 1549 1586 bellum
1572 1548 1688 1602 quin-

97 1612 189 1649 tum
210 1607 327 1648 civile
348 1607 510 1662 geritur
525 1611 723 1661 :--atque
746 1607 885 1648 onmia
906 1607 947 1648 in
969 1613 1159 1648 nostram
1191 1614 1374 1650 aetatem
1396 1610 1689 1653 inciderunt—

145 1727 313 1767 C'laterna]
360 1728 441 1758 Now
468 1728 646 1765 Quaderna,
672 1738 714 1759 on
734 1729 789 1758 the
810 1729 872 1759 Via

98 1769 243 1808 Aemilia,
259 1770 400 1800 between
420 1771 561 1801 Bononia
576 1772 636 1801 and
659 1771 773 1801 Forum
792 1772 869 1802 Cor-

99 1814 227 1843 nelium.
274 1813 383 1844 Cicero
408 1823 479 1853 says
504 1815 536 1843 in
553 1825 571 1844 a
586 1815 679 1844 letter
695 1818 728 1844 to
745 1814 872 1845 Cassius

915 1730 935 1759 i.
954 1729 1009 1769 49)
1028 1740 1097 1769 says
1114 1730 1151 1760 of
1161 1730 1216 1760 the
1231 1740 1299 1760 new
1316 1731 1430 1763 tribes:
1457 1731 1689 1771 δεκατεύοντες

916 1771 1095 1813 ἀπέφῃναν
1137 1772 1250 1812 ἑτέρης
1288 1774 1323 1804 ἐν
1359 1774 1413 1810 αἷς
1456 1775 1688 1815 ἐγειροτόνουν

915 1815 1064 1854 ἔσχατοι,
1088 1816 1190 1846 which
1206 1816 1232 1846 is
1247 1817 1419 1847 translated
1437 1819 1501 1854 (ed.
1520 1820 1688 1859 Sehweig.)

101 1855 166 1896 (Ad
191 1857 263 1886 Div.
280 1857 333 1886 xii.
356 1856 390 1896 5)
406 1869 413 1886 ε
439 1859 458 1874 “
474 1857 550 1887 Erat
574 1861 679 1887 autem
706 1858 873 1888 Claternae
919 1858 1087 1888 ‘indecem
1106 1869 1201 1888 novas
1214 1859 1315 1890 tribus
1328 1861 1498 1891 contributi
1515 1863 1612 1898 sunt,'
1631 1863 1688 1892 but

98 1903 205 1929 noster
223 1899 364 1936 Hirtius;
388 1900 427 1929 ad
445 1899 561 1929 Forum
585 1900 767 1930 Cornelium
794 1900 872 1930 Cae-

99 1951 159 1977 sar,
194 1945 327 1981 uterque
357 1952 428 1972 cum
466 1943 558 1972 firmo
587 1944 746 1979 exercitu3
786 1953 871 1982 mag-

99 1994 218 2023 nasque
249 1984 369 2014 Romae
407 1985 509 2015 Pansa
546 1987 650 2025 copias
680 1996 716 2015 ex
748 1986 872 2016 delectu

99 2026 210 2056 Italiae
231 2026 426 2065 eomparat.''

100 2069 173 2099 held
191 2069 343 2099 Bononia.

142 2111 380 2150 descensurum]
398 2112 471 2142 Into
482 2112 536 2142 the
547 2112 647 2142 forum
661 2113 869 2154 (Manutius).

145 2154 306 2193 Sulpicio]
358 2154 390 2183 P.
409 2154 564 2193 Sulpicius
591 2156 702 2192 Rufus,
731 2156 785 2185 the
814 2156 870 2185 tri-

99 2197 194 2233 bune,
212 2197 273 2226 and
289 2207 307 2226 a
323 2201 409 2235 great
432 2201 537 2227 orator
553 2197 607 2237 (In
625 2198 694 2228 Cat.
712 2198 754 2228 iii.
773 2208 798 2228 c.
820 2199 868 2234 10,

98 2240 160 2270 and
177 2240 231 2269 the
247 2239 346 2278 note).
392 2239 437 2269 As
464 2244 497 2269 to
519 2240 573 2269 the
600 2241 782 2279 expression
800 2244 807 2257 ⁴
819 2241 870 2279 jus

98 2281 224 2321 legum’
251 2292 301 2312 see
318 2282 387 2311 Vol.
412 2282 454 2311 iii.
474 2282 690 2312 Index.—⁴dc
717 2293 869 2313 novorum

99 2326 212 2355 civium
227 2325 246 2354 :'
271 2335 322 2354 see
339 2325 376 2354 In
394 2325 463 2354 Cat.
480 2325 523 2354 iii.
544 2326 592 2360 10,
609 2325 671 2355 and
695 2325 750 2355 the
773 2330 847 2355 note
862 2337 869 2361 ;

98 2368 160 2397 and
179 2368 336 2403 Plutarch,
358 2368 489 2403 Marma,
507 2378 533 2397 c.
551 2369 601 2397 41.
648 2369 675 2398 A
693 2378 821 2407 passage
838 2369 870 2398 in

98 2411 237 2440 Velleius
260 2410 307 2449 (ii.
325 2409 379 2446 20)
405 2410 547 2449 explains
573 2410 627 2439 the
651 2414 736 2440 text:
764 2411 869 2440 “Nou

98 2457 166 2483 erat
183 2453 285 2482 Mario
303 2452 506 2492 Sulpicioque
530 2453 632 2483 Cinna
654 2454 869 2493 temperatior,

97 2496 204 2535 itaque
228 2506 326 2534 quum
350 2496 393 2525 ita
418 2495 527 2525 civitas
556 2496 665 2525 Italiae
690 2497 764 2526 data
788 2500 870 2526 esset

99 2537 156 2578 (by
169 2539 224 2567 the
240 2538 304 2567 Lex
321 2538 416 2573 Julia,
438 2548 500 2567 n.c.
517 2538 571 2577 90)
590 2542 624 2567 ut
640 2539 670 2568 in
688 2539 870 2568 octotribus

97 2581 372 2611 contribucrentur
409 2581 482 2610 novi
521 2581 613 2616 cives,
652 2591 692 2611 ne
730 2582 870 2620 potentia

96 2633 204 2653 eorum
223 2628 254 2652 et
269 2623 438 2652 multitudo
464 2627 605 2652 veterum
631 2624 743 2653 civium
769 2624 869 2661 digni-

96 2669 192 2696 tatem
222 2666 378 2704 frangeret
405 2666 537 2704 plusque
563 2670 691 2704 possent
707 2667 821 2705 recepti
839 2667 870 2696 in

96 2709 283 2738 beneficium
309 2718 402 2747 quam
425 2712 568 2737 auctores
592 2708 743 2744 beneficii,
769 2710 870 2740 Cinna

96 2751 129 2781 in
151 2751 298 2781 omnibus
322 2750 467 2780 tribubus
495 2761 547 2779 eos
571 2761 603 2780 se
628 2751 868 2782 distributurum

97 2794 254 2833 pollicitus
270 2796 328 2823 est.
363 2794 435 2825 Quo
452 2794 579 2822 nomine
595 2794 753 2832 ingentem
773 2795 869 2825 totius

97 2836 210 2866 Italiae
234 2836 442 2875 frequentiam
466 2836 497 2864 in
524 2835 633 2865 urbem
659 2837 829 2873 aeciverat;
854 2848 871 2867 c

97 2889 160 2918 qua
171 2879 281 2918 pulsus
292 2879 427 2917 collegae
443 2879 707 2918 optimatiumque
717 2880 869 2915 viribus.’'

98 2924 155 2952 δια.
200 2921 278 2952 This
301 2931 363 2952 was
386 2921 418 2951 in
437 2930 498 2951 u.c.
517 2922 568 2956 87.
616 2922 744 2962 Appian
762 2923 814 2963 (Β.
833 2923 869 2954 C.

472 2027 631 2058 Antonius
651 2031 684 2058 at
707 2028 770 2058 this
795 2029 872 2059 time

916 1900 931 1930 1
957 1900 1048 1930 don’t
1083 1911 1135 1932 see
1161 1902 1230 1931 how
1263 1901 1496 1939 δεκατεύοντες
1525 1915 1583 1934 can
1610 1905 1689 1935 have

914 1944 978 1973 this
994 1945 1151 1984 meaning.
1199 1945 1368 1984 Musgrave
1391 1948 1546 1986 proposed
1564 1952 1597 1978 to
1613 1949 1687 1978 read

915 1984 990 2016 δέκα
1008 1987 1056 2016 for
1072 1985 1313 2025 δεκατεύοντες.

957 2029 1067 2058 Mario
1099 2033 1129 2060 et
1163 2031 1306 2061 Carbone
1345 2032 1454 2072 Sulla]
1503 2033 1595 2063 After
1632 2034 1688 2064 the

914 2070 1009 2100 death
1040 2072 1075 2101 of
1109 2073 1163 2102 the
1197 2073 1282 2102 elder
1313 2073 1435 2104 Marius
1465 2075 1554 2105 there
1585 2086 1646 2106 was
1669 2087 1688 2106 a

915 2113 1052 2152 struggle
1069 2114 1209 2145 between
1227 2116 1274 2144 his
1297 2126 1352 2145 son
1370 2117 1405 2146 C.
1424 2117 1554 2153 Marius,
1578 2120 1687 2148 consul

916 2165 979 2185 1³.c.
999 2158 1049 2192 82,
1067 2157 1142 2186 with
1164 2157 1266 2188 Carbo
1293 2158 1340 2187 for
1362 2159 1410 2188 his
1433 2160 1602 2199 colleague,
1624 2162 1685 2190 and

915 2197 951 2228 L.
970 2198 1067 2234 Sulla,
1085 2200 1155 2229 who
1172 2210 1234 2229 was
1250 2201 1430 2231 victorious.
1476 2202 1545 2231 The
1562 2203 1685 2233 Mai-ian

914 2240 1028 2270 faction
1058 2242 1118 2271 had
1145 2247 1202 2281 put
1223 2246 1256 2272 to
1277 2243 1370 2272 death
1395 2254 1488 2283 many
1513 2245 1686 2275 illustrious

914 2293 996 2318 men,
1022 2294 1138 2322 among
1161 2285 1263 2314 whom
1282 2295 1360 2315 were
1386 2286 1432 2316 M.
1451 2287 1608 2318 Antonius
1632 2289 1686 2319 thc

913 2325 1030 2355 Orator
1042 2327 1103 2356 and
1118 2328 1157 2360 Q.
1172 2327 1299 2357 Mucius
1313 2329 1462 2360 Scaevola
1475 2330 1528 2360 the
1542 2331 1685 2362 Pontifex

914 2367 1088 2398 Maximus.

951 2411 1143 2451 puniretur]
1193 2412 1303 2443 Cicero
1320 2424 1391 2444 uses
1413 2417 1420 2431 ‘
1435 2416 1566 2454 punitus
1582 2427 1614 2446 es
1630 2416 1637 2429 '
1653 2418 1685 2448 in

912 2453 966 2483 the
993 2455 1114 2484 oration
1142 2455 1201 2485 Pro
1226 2456 1358 2492 Milone,
1386 2468 1419 2488 as
1448 2459 1612 2490 Manutius
1629 2460 1685 2490 ob-

913 2506 1027 2526 serves.

952 2540 1121 2579 prm-imo]
1167 2541 1237 2571 The
1267 2552 1329 2572 war
1363 2543 1399 2572 of
1428 2543 1487 2574 Cn.
1517 2544 1686 2584 Pompeius

913 2582 974 2611 and
1000 2582 1122 2612 Caesar.
1170 2584 1280 2614 Cicero
1307 2595 1369 2615 was
1395 2586 1426 2616 in
1459 2587 1567 2617 Cilicia
1595 2589 1686 2618 while

913 2624 968 2654 the
984 2626 1107 2664 quarrel
1124 2636 1185 2655 was
1201 2628 1350 2667 growing.

955 2668 985 2697 3.
1010 2671 1104 2707 alque
1120 2671 1225 2699 omnia
1242 2693 1247 2699 .
1267 2693 1274 2700 .
1294 2693 1300 2700 .
1319 2671 1518 2711 inciderunt]
1557 2673 1606 2702 He
1623 2673 1683 2703 had

912 2719 985 2740 seen
1002 2710 1087 2740 them
1111 2712 1163 2747 all,
1191 2723 1209 2742 a
1229 2713 1303 2751 long
1325 2714 1385 2743 and
1412 2715 1465 2744 sad
1491 2717 1683 2754 experienee.

913 2752 977 2782 But
1001 2753 1055 2783 the
1089 2755 1149 2784 end
1175 2765 1237 2785 was
1268 2756 1406 2793 drawing
1437 2767 1521 2792 near,
1553 2768 1591 2786 au
1623 2758 1684 2787 eud

912 2795 1014 2825 which
1042 2796 1152 2826 Cicero
1183 2798 1235 2827 did
1267 2802 1322 2828 not
1353 2799 1481 2829 foresee.
1528 2800 1596 2829 The
1623 2800 1684 2838 boy

912 2838 1026 2868 Caesar
1052 2840 1225 2870 concluded
1251 2841 1305 2870 the
1332 2841 1406 2879 long
1430 2842 1537 2871 drama
1563 2842 1602 2881 hy
1630 2842 1685 2871 the

911 2881 1151 2912 establishment
1163 2883 1199 2913 of
1209 2894 1228 2913 a
1244 2884 1413 2924 monarehy
1427 2885 1458 2913 in
1476 2884 1547 2916 tiu-t.
1562 2884 1684 2923 though

912 2927 968 2954 not
983 2924 1015 2954 in
1032 2935 1134 2955 name.
