1816 3211
580 600 642 641 M.
680 599 896 640 TULLII
931 597 1260 640 CICERONIS

878 736 961 762 PRO

341 854 488 929 GN.
561 853 1030 929 PLANCIO
1104 850 1498 928 ORATIO

698 1014 794 1060 AD
836 1015 867 1060 J
872 1013 1136 1061 UDIOES.

181 1319 215 1359 I.
251 1317 390 1369 Quum
411 1320 584 1371 propter
604 1314 819 1370 egregia-m
840 1319 884 1355 et
906 1313 1161 1369 singularem
1184 1313 1260 1354 On.
1285 1312 1460 1362 Plancii,
1480 1311 1655 1367 judices,
1679 1311 1722 1352 in

121 1398 214 1424 mea
235 1383 369 1423 salute
391 1380 664 1422 custodienda
684 1380 810 1420 fidem
827 1384 915 1420 tam
936 1379 1090 1420 multos
1112 1384 1155 1420 et
1177 1380 1308 1419 bonos
1329 1378 1440 1419 viros
1461 1378 1552 1432 ejus
1573 1377 1721 1418 honori

121 1449 303 1489 viderem
326 1462 418 1488 esse
439 1447 638 1495 fautores,
663 1445 880 1500 capiebam
900 1444 1039 1485 animo
1060 1459 1144 1484 non
1173 1444 1426 1484 mediocrem
1447 1443 1719 1498 voluptatem,

124 1514 235 1569 quod
257 1514 377 1568 cujus
399 1512 579 1553 officium
600 1511 701 1551 mihi
723 1510 850 1551 saluti
872 1509 1033 1558 fuisset,
1049 1509 1087 1550 ei
1107 1524 1295 1550 meorum
1312 1514 1551 1564 temporum
1564 1522 1722 1548 memo·

123 1580 226 1620 riam
248 1578 468 1633 suffragari
500 1577 703 1618 videbam.
767 1576 905 1628 Quum
937 1580 1080 1615 autem
1111 1575 1298 1615 audirem
1325 1589 1442 1614 meos
1471 1573 1624 1628 partim
1648 1572 1722 1612 ini-

123 1645 267 1693 micos,
302 1632 458 1699 partim
491 1642 651 1683 invidos
683 1641 780 1681 huic
817 1641 1079 1681 accusationi
1110 1655 1202 1681 esse
1233 1641 1434 1689 fautores,
1465 1639 1722 1693 eandemque

123 1725 210 1750 rem
224 1709 506 1750 adversariam
520 1722 612 1748 esse
626 1707 667 1746 in
684 1706 841 1760 judicio
865 1705 938 1746 On.
960 1705 1146 1755 Plancio,
1163 1720 1267 1760 quae
1290 1705 1330 1744 in
1352 1704 1557 1760 petitione
1574 1704 1724 1745 fuisset

125 1775 323 1829 adjutrix,
348 1774 550 1818 dolebam,
570 1771 745 1826 judiceS,
770 1776 813 1812 et
835 1771 985 1811 acerbe
1002 1771 1199 1820 ferebam,
1219 1771 1254 1811 si
1276 1771 1400 1824 hujus
1422 1769 1534 1810 salus
1556 1771 1608 1810 ob
1630 1783 1723 1810 eam

126 1839 262 1895 ipsam
284 1853 476 1880 caussam
498 1842 609 1879 esset
639 1835 841 1885 infestior,
867 1837 977 1888 quod
1009 1836 1044 1877 is
1075 1851 1211 1876 meam
1242 1836 1422 1876 salutem
1443 1839 1571 1889 atque
1592 1835 1723 1875 vitam

127 1919 203 1945 sua
242 1902 545 1950 benevolentia,
587 1900 794 1956 praesidio
836 1900 1111 1955 custodiaque
1151 1900 1345 1941 texisset.
1426 1899 1548 1940 Nunc
1580 1905 1724 1940 autem

127 1974 278 2019 vester,
299 1968 477 2023 judices,
503 1971 753 2021 conspectus
787 1970 830 2006 et
853 1980 1073 2006 consessus
1104 1965 1183 2006 iste
1205 1965 1341 2006 reficit
1362 1970 1406 2006 et
1426 1969 1590 2005 recreat
1609 1978 1724 2004 men-

127 2036 215 2073 tem
236 2046 384 2079 meam,
408 2045 534 2084 quum
565 2029 732 2069 intueor
764 2032 807 2069 et
838 2027 1098 2082 contemplor
1130 2042 1257 2067 unum
1289 2042 1493 2082 quemque
1524 2032 1722 2068 vestrum.

131 2097 270 2137 Video
292 2095 401 2136 enim
422 2095 501 2135 hoc
536 2094 577 2134 in
599 2107 771 2133 numero
793 2092 999 2132 neminem
1022 2092 1087 2132 cui
1109 2106 1201 2132 mea
1222 2091 1334 2132 salus
1359 2106 1442 2131 non
1465 2106 1562 2131 cara
1582 2091 1722 2139 fuerit,

132 2162 251 2216 cujus
271 2175 355 2201 non
377 2164 518 2200 exstet
546 2159 589 2198 in
617 2172 682 2198 me
713 2171 920 2197 summum
947 2156 1157 2205 meritum,
1183 2156 1249 2196 cui
1280 2171 1363 2196 non
1394 2155 1472 2196 sim
1494 2155 1724 2197 obstrictus

130 2225 330 2266 memoria
375 2223 567 2265 beneficii
616 2221 883 2275 sempiterna.
966 2220 1117 2275 Itaque
1158 2236 1241 2261 non
1282 2221 1514 2262 extimesco
1554 2235 1606 2260 ne
1648 2219 1724 2261 On.

134 2289 307 2330 Plancio
330 2287 522 2328 custodia
541 2301 659 2326 meae
693 2285 842 2326 salutis
873 2286 984 2340 apud
1017 2300 1089 2326 eos
1121 2286 1242 2336 obsit,
1268 2286 1336 2340 qui
1357 2300 1424 2326 me
1446 2285 1525 2340 ipsi
1545 2285 1725 2326 maxime

133 2354 294 2394 salvum
315 2352 453 2392 videre
474 2351 721 2398 voluerunt3
757 2349 1019 2404 saepiusque,
1032 2350 1207 2404 judices,
1223 2351 1323 2391 mihi
1345 2351 1460 2391 venit
1480 2351 1521 2391 in
1543 2355 1727 2391 mentem

132 2417 422 2459 admirandum
443 2430 535 2457 esse
560 2416 622 2456 M.
648 2415 935 2464 Laterensem,
959 2415 1169 2456 hominem
1198 2415 1552 2457 studiosissimum
1574 2419 1617 2455 et
1637 2414 1726 2470 dig-

132 2482 280 2524 nitatis
301 2487 343 2522 et
365 2481 511 2522 salutis
531 2495 660 2531 meae,
683 2495 800 2521 reum
833 2481 910 2521 sibi
941 2481 1051 2521 hunc
1080 2481 1343 2536 potissimum
1365 2480 1578 2535 delegisse,
1602 2494 1728 2534 quam

132 2547 405 2589 metuendum
424 2561 476 2586 ne
497 2546 613 2586 vobis
634 2545 676 2586 id
697 2545 762 2585 ille
783 2538 937 2601 magna
956 2546 1121 2587 ratione
1142 2546 1290 2587 fecisse
1312 2545 1512 2586 videatur.
1576 2544 1728 2596 Quam-

134 2627 259 2668 quam
290 2611 391 2652 mihi
423 2625 507 2651 non
537 2625 656 2651 sumo
678 2615 858 2661 tantum,
884 2626 1019 2666 neque
1048 2626 1213 2666 arrogo,
1234 2610 1411 2665 judices,
1435 2615 1482 2651 ut
1505 2609 1581 2650 On.
1605 2610 1731 2650 Plan-

136 2677 247 2719 cium
274 2676 360 2717 suis
389 2689 490 2731 erga
519 2689 584 2716 me
611 2675 772 2716 meritis
803 2675 1098 2731 impunitatem
1125 2680 1399 2717 consecutum
1419 2679 1576 2730 putem.
1640 2674 1734 2715 Nisi

183 2811 211 2840 1.
234 2819 304 2840 mea
326 2808 445 2848 salute]
495 2809 620 2848 During
650 2809 788 2840 Cicero’s
820 2810 910 2846 exile,
1001 2810 1337 2849 dolebanz—teoeisset]
1392 2808 1496 2838 These
1540 2807 1641 2837 words
1683 2816 1736 2836 are

137 2852 228 2882 when
254 2852 398 2882 Plancius
424 2852 564 2882 received
589 2853 653 2882 him
677 2853 709 2882 in
726 2853 913 2883 Macedonia
958 2855 1075 2894 quoted
1091 2854 1133 2893 by
1149 2854 1188 2884 A.
1207 2853 1327 2883 Gellius
1345 2851 1400 2892 (ix.
1428 2850 1494 2891 12),
1519 2853 1552 2880 to
1574 2851 1659 2880 show
1680 2850 1735 2880 the

140 2894 181 2936 (c.
209 2897 333 2935 41).-—‘
348 2895 460 2924 honori
474 2895 493 2924 2’
532 2895 572 2924 he
610 2905 718 2926 means
757 2895 912 2927 Plancius'
957 2898 1079 2937 passive
1094 2897 1256 2935 meanings
1271 2896 1306 2925 of
1320 2893 1494 2924 ‘infestus.⁷

138 2939 272 2969 election
287 2941 321 2969 to
337 2938 391 2968 the
405 2937 587 2978 aedileship.
1001 2939 1219 2979 consecutum]
1267 2938 1305 2968 T.
1320 2937 1358 2968 E.
1410 2941 1417 2954 ⁸
1430 2936 1642 2967 Consecutum
1654 2933 1662 2948 '
1675 2934 1732 2965 has
