1816 3211
176 161 259 203 236
601 159 777 202 ORAT.
813 159 931 200 PRO
964 158 1055 200 GN.
1089 155 1358 198 PLANCIO

175 289 339 330 semper
360 273 545 330 patuerit
565 274 802 314 hominibus
824 272 929 313 ortis
950 272 1029 312 1100
1051 275 1196 311 nostro
1219 269 1404 325 equestri
1424 269 1528 317 loco,
1550 282 1773 324 possumne

176 341 336 395 eripere
359 340 539 381 orationi
561 344 658 379 tuae
683 338 997 380 contentionem
1020 340 1219 385 vestrum,
1244 350 1348 390 quae
1371 334 1544 376 tractari
1565 334 1653 375 sine
1676 348 1771 374 con-

174 406 347 447 tumelia
368 420 450 446 non
470 409 624 459 potest,
645 408 685 444 01
705 408 748 444 10
762 403 814 442 ad
836 416 1029 442 caussam
1050 400 1274 455 aliquando
1291 400 1528 455 crimenque
1545 399 1773 440 deducere?

177 472 221 512 Si
241 472 351 526 quod
374 470 527 525 equitis
550 468 729 509 Romani
751 467 860 507 filius
882 471 949 508 est
970 467 1139 507 inferior
1159 481 1252 507 esse
1274 465 1432 513 debuit,
1454 479 1598 506 omnes
1632 469 1772 505 tecum

174 537 360 591 equitum
402 535 688 575 Romanorum
728 532 799 572 filii
833 532 1101 587 petiverunt:
1153 531 1256 571 nihil
1297 531 1391 572 dico
1431 530 1636 584 amplius3
1690 529 1770 570 hoc

172 606 313 642 tamen
354 599 493 649 miror,
518 613 592 639 cur
631 596 728 637 huic
770 596 1036 651 potissimum
1075 596 1254 637 irascare
1295 596 1366 650 qui
1398 594 1639 650 longissime
1671 608 1697 634 a
1725 599 1770 636 te

171 665 320 706 abfuit.
382 663 589 718 Equidem
622 662 657 703 si
692 662 870 716 quando,
893 667 942 703 ut
972 661 1033 712 fit,
1053 661 1194 716 jactor
1224 660 1266 700 in
1293 661 1430 710 turba,
1463 674 1547 700 non
1568 659 1682 700 illum
1703 674 1769 700 ac-

172 745 271 771 cuso
294 729 365 785 qui
386 734 451 769 est
486 728 528 768 in
559 741 721 768 summa
752 741 871 767 sacra
901 726 978 775 via,
1003 741 1128 781 quum
1162 740 1239 780 ego
1271 726 1326 766 ad
1359 724 1540 765 Fabium
1569 724 1769 765 fornicem

171 795 374 850 impellor,
393 794 467 834 sed
490 808 583 834 eum
598 792 668 847 qui
686 791 727 831 in
748 791 966 846 meipsum
988 791 1164 832 incurrit
1184 795 1311 846 atque
1333 789 1492 831 incidit.
1555 789 1618 830 Tu
1635 804 1769 844 nequo

174 860 224 912 Q.
250 859 395 908 Pedio,
416 859 529 899 forti
548 857 649 906 viro,
678 871 915 907 succenses,
946 871 1081 911 neque
1114 856 1210 896 huic
1244 856 1298 897 A.
1323 855 1477 904 Plotio,
1502 854 1769 896 ornatissimo

171 924 341 974 homini,
365 923 556 964 familiari
578 937 671 963 meo
690 938 701 969 ς
736 926 779 962 01
801 922 853 962 ab
883 936 932 962 eo
955 921 1025 976 qui
1048 922 1124 961 hos
1145 920 1318 961 dimovit
1339 920 1478 975 potius
1500 935 1624 976 quam
1645 921 1698 960 ab
1720 919 1770 960 iis

174 990 243 1045 qui
266 990 307 1030 in
328 995 370 1031 te
393 989 530 1044 ipsum
552 988 834 1029 incubuerunt
863 991 906 1028 te
938 987 1157 1041 depulsum
1188 991 1328 1040 putas.
1391 986 1475 1026 Sed
1502 991 1645 1026 tamen
1667 986 1769 1025 haec

172 1056 250 1097 tibi
287 1060 353 1096 est
387 1055 521 1109 prima
555 1068 650 1094 cum
688 1052 862 1093 Plancio
896 1051 1060 1106 generis
1094 1051 1221 1091 vestri
1253 1050 1514 1105 familiaeque
1537 1050 1766 1097 contentio,

173 1135 253 1175 qua
285 1121 360 1161 abs
393 1125 436 1160 te
473 1118 664 1159 vincitur.
727 1118 812 1158 Cur
844 1117 954 1157 enim
987 1131 1071 1157 non
1105 1116 1307 1157 confitear
1340 1116 1451 1170 quod
1484 1130 1652 1156 necesse
1675 1117 1770 1156 est?

175 1187 258 1227 Sed
281 1201 361 1226 1100
398 1185 464 1225 hic
485 1184 620 1239 magis
641 1198 766 1238 quam
788 1197 867 1237 ego
896 1196 921 1222 a
951 1181 1054 1221 meis
1083 1181 1429 1235 competitoribus
1467 1185 1511 1221 et
1541 1180 1643 1220 alias
1665 1185 1709 1220 et
1728 1180 1770 1219 in

173 1251 414 1292 consulatus
437 1249 638 1305 petitione
662 1248 868 1289 vincebar.
932 1246 1015 1287 Sed
1037 1245 1131 1285 vide
1160 1259 1211 1285 ne
1232 1245 1334 1285 haec
1356 1246 1445 1300 ipsa
1466 1259 1571 1299 quae
1593 1243 1771 1299 despicis

172 1316 269 1356 huic
310 1316 540 1369 suffragata
576 1314 685 1354 sint:
740 1312 799 1352 sic
840 1310 950 1352 enim
984 1310 1257 1351 conferamus.
1338 1309 1421 1351 Est
1461 1315 1581 1351 tuum
1620 1323 1771 1350 nomen

172 1385 351 1436 utraque
383 1379 540 1420 familia
577 1377 808 1419 consulare.
872 1375 984 1416 Num
1021 1375 1193 1416 dubitas
1225 1375 1354 1430 igitur
1390 1375 1488 1431 quin
1524 1389 1679 1423 omnes,
1702 1374 1771 1428 qui

172 1447 315 1487 favent
336 1444 562 1495 nobilitati,
588 1443 656 1499 qui
688 1443 729 1482 id
750 1446 904 1497 putant
935 1455 1025 1482 esse
1056 1440 1392 1495 pulcherrimum,
1416 1440 1485 1495 qui
1506 1439 1769 1495 imaginibus,

173 1513 243 1568 qui
265 1510 501 1552 nominibus
522 1508 672 1550 vestris
694 1508 918 1555 ducuntur,
936 1511 980 1547 te
996 1506 1171 1547 aedilem
1193 1505 1396 1546 fecerint?
1459 1505 1668 1560 Equidem
1689 1519 1772 1544 non

174 1577 335 1619 dubito.
400 1575 483 1616 Sed
504 1574 538 1615 si
560 1588 707 1629 parum
729 1572 849 1612 multi
881 1575 981 1612 sunt
1012 1571 1080 1626 qui
1105 1571 1368 1612 nobilitatem
1390 1575 1544 1620 ament,
1568 1585 1666 1610 num
1688 1570 1771 1610 ista

174 1648 241 1684 est
261 1647 406 1683 nostra
426 1640 577 1695 culpa?
639 1637 812 1679 Etenim
839 1637 894 1677 ad
915 1640 1042 1691 caput
1070 1640 1114 1676 et
1146 1636 1199 1675 ad
1234 1635 1394 1675 fontem
1420 1634 1585 1689 generis
1616 1634 1770 1675 utrius-

176 1722 255 1763 que
283 1707 509 1748 veniamus.
572 1704 709 1744 VIII.
741 1702 805 1742 Tu
827 1716 871 1742 es
893 1716 915 1741 e
946 1700 1170 1755 municipio
1192 1700 1484 1755 antiquissimo
1519 1700 1768 1749 Tusculano,

176 1788 227 1814 ex
249 1787 330 1827 quo
351 1771 552 1826 plurimae
580 1774 679 1810 sunt
706 1766 886 1808 familiae
918 1765 1169 1815 consulares,
1194 1765 1236 1805 in
1265 1766 1414 1820 quibus
1448 1770 1513 1806 est
1544 1765 1671 1806 etiam
1693 1764 1723 1804 J
1726 1780 1771 1805 u-

175 1838 327 1886 ventia,
357 1835 464 1891 [tot]
491 1840 594 1889 quot
615 1849 636 1874 e
658 1831 829 1886 reliquis
850 1830 1088 1885 municipiis
1110 1831 1302 1872 omnibus
1319 1846 1402 1871 non
1423 1834 1535 1871 sunt.
1598 1830 1684 1870 Hic
1706 1836 1772 1871 est

177 1919 200 1945 e
221 1902 483 1959 praefectura
505 1898 684 1948 Atinati,
708 1911 792 1937 non
823 1901 911 1936 tam
931 1896 1081 1951 prisca,
1105 1911 1189 1937 non
1220 1901 1307 1937 tam
1340 1896 1556 1942 honorata,
1578 1910 1661 1936 non
1682 1899 1770 1936 tam

225 2047 255 2082 7.
283 2044 478 2083 homnibus]
505 2042 650 2072 Wunder
676 2041 780 2081 places
801 2037 954 2078 [homini-

181 2090 258 2128 bus]
287 2084 644 2126 thus.-—‘possumne:’
671 2084 771 2113 ‘shall
802 2083 818 2112 I
842 2084 898 2111 not
919 2081 958 2110 be

181 2133 253 2163 able
266 2131 342 2162 ?‘——¹
356 2130 592 2161 contentionem
608 2130 749 2158 vestrum
765 2125 784 2156 :'
802 2126 856 2155 the
872 2134 957 2153 com-

182 2186 258 2206 mon
284 2175 412 2212 reading
438 2174 464 2203 is
494 2169 674 2201 ‘vestram.’
719 2170 756 2199 T.
784 2169 840 2198 has
867 2171 958 2197 ‘vos-

182 2217 290 2249 trum.’
352 2218 410 2246 See
436 2227 463 2246 0.
496 2217 648 2245 6.-⁴cur
686 2211 793 2242 huicz'
820 2215 893 2240 ‘cur
922 2214 958 2239 tu

182 2262 256 2291 huic
268 2261 275 2274 ’
295 2259 535 2300 (Wunder).—‘
548 2257 636 2287 illum
652 2278 658 2285 .
680 2278 687 2286 .
704 2266 776 2285 eum
790 2254 809 2284 :’
833 2264 884 2284 see
896 2264 921 2283 0.
938 2254 958 2283 3

184 2304 245 2334 and
262 2304 317 2333 1110
332 2305 419 2332 note.

225 2347 361 2377 Fabium
376 2342 559 2383 fornicem]
589 2343 627 2372 In
653 2342 708 2371 1110
731 2341 865 2370 Verrine
888 2350 957 2369 ora-

183 2391 269 2421 tions
291 2389 367 2427 (Act.
383 2389 404 2417 i.
421 2397 446 2416 c.
461 2388 479 2421 7
496 2387 558 2416 and
574 2386 628 2415 the
650 2384 739 2423 note)
757 2385 782 2413 it
798 2385 823 2413 is
841 2387 847 2400 ¹
862 2382 958 2412 forni-

184 2443 250 2463 cem
282 2429 478 2462 Fabianum.’
537 2429 576 2458 In
607 2429 662 2457 the
688 2428 737 2457 De
768 2427 825 2457 Or.
856 2427 887 2455 ii.
918 2427 958 2456 66

185 2476 295 2507 Cicero
313 2484 382 2513 says
397 2485 403 2503 z
431 2476 449 2489 “
465 2472 516 2502 Ita
543 2471 601 2501 sibi
618 2472 721 2510 ipsum
746 2480 895 2508 magnum
912 2470 958 2498 vi-

185 2520 253 2549 deri
283 2516 472 2547 Memmium
504 2518 540 2544 ut
570 2515 601 2543 in
632 2515 735 2543 forum
765 2513 958 2543 descendens

186 2565 280 2601 caput
296 2560 334 2590 ad
358 2559 510 2589 fornicem
529 2558 616 2587 Fabii
634 2555 850 2586 demitteret.'⁷
897 2555 959 2585 We

186 2605 297 2635 collect
313 2604 393 2632 from
411 2602 466 2631 1110
482 2611 613 2640 passage
630 2600 699 2629 that
726 2600 788 2629 this
804 2599 879 2629 arch
896 2608 959 2628 was

185 2651 218 2678 at
234 2658 293 2677 one
309 2646 370 2675 end
387 2645 421 2674 of
434 2645 489 2674 the
507 2644 601 2673 Sacra
615 2643 686 2672 Via.

232 2691 297 2720 Sed
317 2693 420 2719 tamen
443 2687 535 2725 haec]
564 2690 570 2702 ‘
586 2685 692 2715 Haec’
718 2685 814 2714 refers
830 2687 863 2714 10
875 2684 960 2713 what

185 2734 317 2767 follows,
340 2742 373 2761 as
400 2730 544 2760 Wunder
564 2729 716 2763 remarks,
734 2728 795 2757 and
819 2728 910 2757 there
932 2727 958 2756 is

184 2788 226 2807 no
243 2776 343 2806 doubt
359 2774 458 2804 about
473 2773 552 2802 that.
601 2772 665 2801 But
681 2771 735 2800 the
751 2771 842 2800 order
858 2770 893 2799 of
906 2770 959 2799 the

186 2820 281 2851 Latin
306 2817 408 2848 words
434 2816 459 2845 is
492 2815 593 2844 worth
620 2815 742 2844 notice:
775 2813 871 2842 ‘haec
901 2813 959 2841 tibi

186 2866 233 2893 est
249 2862 351 2901 prima
376 2870 446 2889 cum
466 2858 593 2888 Plancio
612 2880 618 2887 .
638 2881 644 2888 .
663 2880 670 2887 .
688 2857 848 2886 contentio
861 2855 880 2892 ς’
897 2856 957 2885 and

186 2906 327 2936 between
345 2907 352 2921 ‘
368 2902 495 2933 Plancio
508 2901 515 2914 ‘
540 2901 601 2931 and
619 2904 625 2918 ‘
640 2899 799 2930 contentio
814 2899 821 2913 ³
846 2909 898 2928 are
910 2899 959 2928 in-

1001 2037 1145 2077 terposed
1165 2039 1171 2054 ‘
1184 2037 1306 2076 generis
1323 2037 1419 2066 vestri
1434 2035 1655 2075 familiaeque!

1044 2082 1121 2111 meis
1148 2079 1425 2119 competitoribus]
1454 2080 1561 2108 When
1578 2079 1687 2109 Cicero
1711 2087 1772 2107 was

1001 2134 1019 2153 a
1035 2124 1199 2153 candidate
1220 2123 1269 2152 for
1291 2123 1345 2153 the
1372 2122 1564 2161 consulship,
1583 2122 1622 2151 he
1638 2131 1701 2150 was
1717 2121 1772 2150 the

1002 2167 1076 2206 only
1092 2167 1257 2196 candidate
1273 2166 1342 2195 who
1365 2165 1521 2204 belonged
1541 2170 1574 2194 1ο
1590 2165 1644 2194 1110
1660 2174 1771 2204 eques-

1001 2210 1083 2239 trian
1101 2210 1193 2239 order
1210 2209 1385 2249 (Plutarch,
1404 2209 1523 2242 Cicero,
1544 2218 1570 2237 c.
1590 2209 1639 2243 ll,
1657 2207 1772 2246 quoted

1002 2253 1043 2292 by
1059 2251 1286 2292 Wunder).—‘
1300 2256 1434 2291 utraque
1464 2251 1582 2281 familia
1594 2250 1613 2280 ε’
1653 2260 1694 2279 00
1724 2250 1773 2279 1115

1001 2295 1131 2325 father's
1155 2296 1216 2325 and
1234 2306 1274 2325 on
1290 2296 1339 2324 his
1355 2294 1508 2324 mother’s
1525 2294 1590 2323 side
1609 2293 1694 2332 only,
1711 2293 1773 2322 and

1001 2339 1156 2369 therefore
1169 2339 1209 2368 110
1222 2339 1273 2368 did
1284 2341 1341 2367 not
1353 2348 1407 2377 say
1424 2341 1552 2376 ‘genere
1561 2337 1568 2350 ’
1587 2334 1771 2376 (Wunder).

1045 2384 1075 2412 8.
1106 2383 1271 2421 plurimae
1300 2381 1390 2420 sunl]
1435 2385 1441 2397 ‘
1458 2380 1565 2420 [sunt]
1599 2379 1752 2418 plurimae
1764 2377 1771 2390 ’

1004 2424 1189 2464 (Wunder),
1203 2425 1273 2454 who
1290 2424 1425 2453 believes
1449 2426 1456 2440 ⁴
1475 2427 1549 2452 sunt
1563 2422 1570 2435 '
1592 2425 1625 2451 to
1642 2422 1682 2451 be
1698 2431 1772 2460 spu-

1001 2469 1097 2498 rious.
1144 2467 1289 2497 Wunder
1304 2467 1407 2496 writes
1433 2469 1440 2483 ‘
1452 2469 1502 2496 tot
1522 2464 1621 2505 quot.’
1668 2468 1675 2481 ⁸
1688 2464 1751 2494 Tot
1764 2463 1771 2476 ’

1001 2511 1027 2541 is
1044 2511 1098 2541 the
1114 2511 1244 2549 reading
1259 2510 1296 2539 of
1309 2513 1392 2539 most
1408 2509 1443 2539 of
1452 2509 1507 2538 the
1523 2508 1619 2538 MSS.
1666 2507 1775 2537 Baiter

1002 2555 1102 2593 prints
1120 2557 1127 2570 ‘
1141 2553 1312 2584 Juventia:
1337 2556 1386 2582 tot
1402 2562 1440 2582 ex
1457 2551 1608 2591 reliquis,⁷
1626 2551 1684 2581 810,
1710 2550 1775 2580 Βο1

1002 2597 1065 2626 this
1082 2598 1225 2635 destroys
1250 2596 1291 2625 all
1314 2595 1369 2625 the
1393 2595 1563 2624 coherence
1579 2594 1615 2623 of
1626 2594 1680 2623 the
1704 2602 1774 2622 sen-

1002 2644 1102 2676 tence,
1117 2650 1150 2669 as
1166 2639 1311 2669 Wunder
1326 2638 1483 2668 observes.
1522 2637 1599 2667 This
1615 2636 1666 2665 old
1680 2636 1774 2665 Latin

1002 2686 1086 2712 town
1103 2683 1276 2712 Tusculum
1300 2680 1444 2720 supplied
1462 2681 1564 2710 Rome
1588 2679 1662 2708 with
1688 2687 1775 2707 some

1002 2729 1091 2765 great
1107 2725 1251 2755 samilies.
1298 2725 1367 2754 The
1387 2724 1512 2753 Roman
1538 2722 1666 2751 ‘civitas
1681 2720 1688 2733 '
1712 2731 1774 2750 was

1003 2769 1095 2807 given
1122 2773 1154 2798 to
1179 2768 1233 2797 the
1260 2766 1431 2796 Tusculani
1460 2770 1492 2795 at
1521 2775 1562 2794 an
1592 2764 1677 2803 early
1702 2764 1773 2793 date

1003 2812 1097 2852 (Livy
1114 2812 1154 2840 vi.
1169 2810 1235 2850 26).

1040 2853 1267 2894 praefectura]
1296 2853 1354 2882 See
1370 2851 1442 2881 Vol.
1458 2851 1490 2880 ii.
1519 2850 1629 2880 Index.
1675 2849 1772 2879 Atina

1001 2908 1064 2928 was
1088 2907 1107 2927 a
1133 2897 1280 2926 Volscian
1306 2898 1391 2925 town
1418 2904 1460 2924 on
1484 2903 1502 2923 a
1528 2893 1585 2922 hill
1614 2902 1690 2923 near
1716 2892 1771 2922 the
