1816 3211
747 191 819 234 GA
829 191 880 234 P.
912 194 1036 234 1—3.
1607 198 1689 237 555

98 304 225 346 talem
241 308 286 346 et
307 303 553 359 pestiferum
567 317 593 345 a
613 303 836 346 Brundisio
850 308 940 346 tum
959 304 1023 346 M.
1037 303 1217 346 Antonii
1232 304 1415 346 reditum
1429 305 1685 358 timeremus,

97 368 178 410 hoc
194 368 454 424 insperatum
467 369 660 410 omnibus
673 369 902 420 consilium,
918 369 1179 425 incognitum
1193 374 1307 411 certe
1321 370 1491 425 ceperit,
1507 375 1556 412 ut
1572 385 1690 412 exer-

101 432 230 474 citum
251 433 451 475 invictum
472 449 523 475 ex
543 433 727 489 paternis
747 434 949 475 militibus
977 434 1203 476 conficeret
1223 435 1483 490 Antoniique
1504 435 1690 477 furorem

98 498 393 539 crudelissimis
421 499 600 540 consiliis
633 498 854 540 incitatum
885 513 911 539 a
942 498 1125 553 pernicie
1157 498 1218 540 rei
1249 499 1439 554 publicae
1464 505 1690 542 averteret.

100 560 159 603 II.
196 562 299 614 Quis
331 567 398 604 est
430 563 540 603 enim
571 563 640 618 qui
672 563 751 604 hoc
783 577 867 603 non
901 562 1122 618 intelligat,
1155 563 1236 604 nisi
1269 563 1424 605 Caesar
1456 565 1690 606 exercitum

97 627 342 681 paravisset,
366 642 450 668 non
470 628 559 668 sine
580 627 709 669 exitio
730 633 876 670 nostro
906 628 1094 669 futurum
1116 628 1295 669 Antonii
1326 629 1507 670 reditum
1531 629 1690 672 fuisse?

100 690 171 731 Ita
192 691 301 731 enim
332 706 376 732 se
397 692 626 747 recipiebat
646 693 799 733 ardens
820 692 913 733 odio
935 692 1073 742 vestri,
1098 698 1294 734 cruentus
1315 693 1516 748 sanguine
1538 694 1690 735 civium

98 754 397 805 Romanorum,
421 771 526 810 quos
556 756 748 806 Suessae,
775 771 879 811 quos
911 756 1121 797 Brundisii
1154 757 1376 808 occiderat,
1400 764 1449 799 ut
1478 759 1580 799 nihil
1608 759 1689 800 nisi

97 820 149 861 de
170 821 350 875 pernicie
370 821 510 876 populi
534 820 711 862 Romani
732 821 952 876 cogitaret.
1016 822 1136 874 Quod
1156 827 1298 862 autem
1325 822 1575 876 praesidium
1597 828 1690 865 erat

97 884 245 926 salutis
266 885 554 941 libertatisque
575 891 755 934 vestrae,
777 887 812 928 si
834 887 880 928 O.
904 886 1096 927 Caesaris
1116 886 1439 928 fortissimorum
1459 888 1523 928 sui
1553 889 1688 942 patris

97 950 275 991 militum
297 951 507 992 exercitus
528 966 611 992 non
631 951 808 993 fuisset?
840 952 959 1006 cujus
981 952 1032 992 de
1059 952 1251 992 laudibus
1278 957 1321 994 et
1347 952 1587 1003 honoribus,
1619 954 1689 1008 qui

96 1014 133 1055 ei
154 1029 230 1069 pro
248 1015 395 1056 divinis
410 1020 455 1057 et
470 1015 776 1057 immortalibus
791 1016 950 1057 meritis
967 1016 1093 1056 divini
1113 1016 1450 1071 immortalesque
1467 1017 1686 1069 debentur,

96 1079 197 1120 mihi
219 1086 392 1122 senatus
407 1095 604 1121 assensus
624 1081 763 1136 paullo
779 1086 876 1122 ante
892 1081 1074 1122 decrevit
1096 1087 1144 1122 ut
1163 1082 1297 1137 primo
1315 1097 1479 1137 quoque
1500 1087 1688 1138 tempore

96 1144 333 1186 referretur.
396 1145 488 1196 Quo
510 1145 679 1187 decreto
702 1146 793 1201 quis
820 1160 904 1186 non
935 1146 1133 1200 perspicit
1154 1147 1389 1188 Ant-onium
1410 1147 1575 1189 hostem
1597 1162 1688 1189 esse

91 1209 354 1263 judicatum?
416 1209 549 1260 Quem
570 1210 680 1251 enim
707 1225 928 1265 possumus
949 1211 1157 1266 appellare
1177 1226 1272 1252 eum
1293 1216 1441 1253 contra
1462 1226 1585 1268 quem
1616 1213 1687 1268 qui

96 1273 307 1314 exercitus
329 1274 487 1315 ducunt
514 1274 563 1314 iis
583 1279 756 1316 senatus
787 1275 1012 1316 arbitratur
1044 1275 1274 1330 singulares
1306 1277 1583 1331 exquirendos
1612 1278 1688 1319 ho-

94 1339 247 1379 nores?
309 1338 417 1390 Quid
449 1339 558 1393 legio
589 1339 761 1389 Martia,
784 1354 888 1394 quae
911 1339 1009 1380 mihi
1031 1340 1196 1381 videtur
1224 1341 1422 1382 divinitus
1452 1343 1505 1382 ab
1527 1357 1576 1383 eo
1608 1343 1686 1384 deo

95 1405 273 1446 traxisse
300 1419 465 1453 nomen,
488 1419 514 1445 a
546 1419 627 1459 quo
660 1406 860 1460 populum
894 1406 1129 1446 Romanum
1156 1413 1402 1461 generatum
1433 1408 1685 1462 accepimus,

94 1484 178 1510 non
200 1469 291 1524 ipsa
311 1469 397 1510 suis
422 1470 604 1511 decretis
636 1471 752 1525 prius
778 1485 902 1525 quam
927 1476 1098 1512 senatus
1124 1471 1290 1513 hostem
1322 1472 1528 1527 judicavit
1549 1474 1686 1515 Anto-

93 1534 235 1575 nium?
297 1534 406 1574 Nam
427 1533 461 1573 si
483 1534 549 1574 ille
571 1548 653 1575 non
674 1535 821 1584 hostis,
840 1535 915 1575 hos
937 1535 1007 1589 qui
1029 1536 1242 1576 consulem
1263 1537 1521 1591 reliquerunt
1542 1538 1687 1580 hostes

93 1612 266 1639 necesse
294 1603 361 1639 est
383 1598 631 1652 judicemus.
695 1598 919 1639 Praeclare
950 1604 994 1640 et
1018 1592 1129 1648 loco]
1165 1599 1361 1651 Quirites,
1390 1602 1686 1644 reclamatione

93 1668 232 1705 vestra
260 1663 419 1704 factum
451 1663 774 1717 pulcherrimum
810 1663 1069 1704 Martialium
1096 1666 1432 1719 comprobastis;
1467 1667 1536 1721 qui
1564 1682 1608 1708 se
1633 1668 1687 1709 ad

93 1733 266 1768 senatus
301 1727 610 1778 auctoritatem,
649 1728 703 1768 ad
736 1727 977 1769 libertatem
1006 1733 1204 1778 vestram,
1241 1729 1294 1769 ad
1331 1730 1565 1772 universam
1597 1747 1687 1773 rem

91 1792 299 1847 publicam
321 1792 603 1841 contulerunt,
626 1792 789 1833 hostem
811 1792 925 1833 illum
953 1797 997 1833 et
1029 1793 1235 1834 latronem
1262 1798 1306 1834 et
1337 1795 1583 1849 parricidam
1614 1812 1685 1852 pa-

91 1857 199 1898 triae
219 1857 488 1912 reliquerunt.
550 1857 639 1898 Nec
665 1856 799 1897 solum
824 1857 866 1898 id
893 1857 1080 1898 animose
1114 1863 1158 1899 et
1189 1858 1367 1908 fortiter,
1391 1860 1466 1900 sed
1499 1861 1686 1902 conside-

91 1926 183 1962 rate
205 1921 332 1962 etiam
353 1921 645 1976 sapienterque
667 1921 871 1962 fecerunt.
934 1922 1070 1962 Albae
1092 1922 1388 1973 constiterunt,
1419 1924 1461 1964 in
1491 1926 1592 1965 urbe
1614 1941 1686 1981 op-

91 1994 284 2039 portuna,
306 1986 480 2035 munita,
513 1986 758 2041 propinqua,
791 1986 1111 2028 fortissimorum
1133 1987 1327 2036 virorum,
1350 1989 1686 2032 fidelissimorum

91 2049 242 2090 civium
277 2055 404 2104 atque
440 2051 707 2104 optimorum.
770 2051 910 2105 Hujus
950 2051 1132 2091 Martiae
1167 2053 1342 2106 legionis
1377 2054 1485 2108 legio
1524 2056 1686 2107 Quarta

90 2115 257 2156 imitata
287 2114 484 2154 virtutem
517 2115 620 2155 duce
655 2114 702 2154 L.
727 2115 992 2169 Egnatuleio,
1017 2130 1139 2169 quem
1170 2122 1340 2157 senatus
1365 2120 1515 2159 merito
1548 2121 1685 2174 paullo

89 2185 188 2221 ante
208 2178 405 2226 laudavit,
431 2178 476 2219 C.
501 2179 692 2219 Caesaris
712 2180 942 2219 exercitum
965 2185 1186 2233 persecuta
1207 2186 1286 2222 est.

149 2244 236 2285 ΙΙΙ.
270 2244 385 2295 Quae
406 2249 637 2298 exspectas,
660 2244 721 2284 M.
740 2244 912 2293 Antoni,
932 2244 1088 2297 judicia
1107 2245 1325 2300 graviora?
1376 2246 1531 2288 Caesar
1552 2248 1684 2290 fertur

89 2310 131 2351 in
153 2309 324 2359 caelum,
344 2309 413 2364 qui
437 2313 585 2350 contra
606 2314 649 2349 tc
670 2309 901 2350 exercitum
919 2310 1188 2364 comparavit.
1236 2310 1482 2353 Laudantur
1504 2313 1684 2368 exquisi-

126 2445 291 2485 paternis]
318 2445 357 2475 V.
406 2446 594 2485 ‘Hispanis'
612 2446 665 2481 D..
683 2446 785 2476 which
805 2447 830 2476 is
846 2456 864 2476 a
909 2450 916 2464 ‘
931 2447 1099 2478 referretur
1116 2447 1135 2477 :’
1170 2448 1211 2487 by
1238 2449 1292 2479 the
1317 2450 1442 2480 consuls
1468 2450 1590 2481 Hirtius
1620 2453 1682 2482 and

88 2488 235 2518 manifest
251 2488 394 2518 blunder.
910 2490 1021 2527 Pansa,
1054 2491 1145 2521 when
1176 2491 1250 2530 they
1282 2492 1343 2522 had
1374 2493 1502 2523 entered
1533 2504 1572 2524 on
1602 2495 1683 2525 their

132 2533 161 2560 2.
185 2532 235 2560 sui
258 2531 381 2570 patris]
409 2531 448 2560 V.
487 2534 494 2547 ‘
509 2531 619 2571 suique
636 2531 747 2570 patris’
769 2542 787 2561 a
803 2543 822 2569 g
839 2535 862 2562 t.
908 2533 1006 2563 office.

88 2572 262 2603 Lambinus
278 2573 431 2612 proposed
444 2577 477 2603 to
489 2584 575 2603 eraso
592 2577 598 2590 ⁴
614 2574 684 2608 sui.’
699 2574 759 2603 and
774 2575 864 2604 other
952 2576 1126 2605 Praeclare
1143 2579 1172 2606 et
1190 2577 1274 2616 loco]
1325 2581 1332 2594 ⁴
1347 2578 1505 2609 Praeclare
1528 2582 1559 2609 ot
1582 2590 1680 2619 appo-

87 2616 191 2645 critias
214 2615 293 2644 have
316 2616 458 2653 objected
480 2620 512 2645 to
535 2617 588 2645 the
612 2617 706 2646 word.
755 2617 818 2646 But
840 2618 864 2647 it
908 2618 989 2654 site‚'
1006 2628 1039 2648 as
1059 2618 1196 2649 Faernus
1212 2630 1292 2659 says.
1339 2621 1377 2650 In
1403 2621 1489 2660 plave
1513 2622 1549 2651 of
1569 2627 1575 2639 ¹
1589 2623 1679 2658 loco,'

88 2668 206 2691 means.
226 2668 259 2687 as
291 2658 388 2687 Orelli
420 2659 560 2697 explains
583 2659 616 2693 it.
642 2663 649 2676 ⁴
664 2660 699 2688 (3.
721 2659 863 2690 Caesar's
907 2671 925 2690 a
941 2661 959 2690 b
977 2665 990 2691 t
1006 2662 1083 2690 have
1100 2662 1244 2700 ‘jocosi-‚⁹
1262 2663 1322 2692 and
1340 2674 1359 2701 g
1375 2664 1430 2693 has
1448 2670 1454 2680 ¹
1467 2665 1646 2694 hreulenta)

86 2710 174 2739 army
191 2700 362 2739 consisting
384 2701 419 2730 of
440 2701 486 2730 his
503 2701 631 2730 sather’s
656 2701 779 2731 bruvest
802 2703 861 2732 sol·
950 2705 979 2734 3.
995 2705 1112 2742 sev-tw·
1128 2707 1159 2734 in
1177 2706 1316 2744 caelum]
1365 2707 1411 2735 of
1431 2717 1541 2736 cmirse
1563 2708 1601 2737 he
1618 2718 1680 2737 was

87 2741 192 2773 diors!
241 2743 324 2772 Here
352 2743 462 2772 Cicero
491 2744 725 2782 ncknowledgcs
749 2745 863 2775 Caesar
906 2746 982 2776 then
1001 2751 1007 2763 ¹
1020 2747 1051 2776 in
1068 2747 1177 2782 eaelm'
1194 2748 1248 2777 the,
1264 2749 1350 2787 place
1367 2749 1446 2778 from
1464 2750 1563 2779 which
1585 2751 1678 2779 Dola-

86 2789 119 2815 to
150 2786 189 2816 be
220 2786 274 2815 the
304 2785 440 2825 adopted
478 2797 534 2816 son
561 2787 597 2816 of
624 2787 678 2816 the
706 2787 858 2818 Dictator.
904 2788 985 2819 bella
1022 2790 1082 2819 had
1113 2790 1191 2820 been
1227 2791 1365 2829 brought
1394 2792 1485 2821 ‹lown
1518 2793 1613 2830 (Phil.
1646 2793 1677 2822 ii.

86 2828 193 2858 When
217 2829 256 2857 he
280 2829 347 2858 first
369 2839 429 2858 saw
447 2829 511 2858 him
536 2830 566 2858 in
585 2830 757 2868 Campania
779 2831 860 2861 after
903 2842 929 2861 c.
962 2832 1083 2872 42).—‘
1098 2834 1262 2863 arcessitae
1280 2834 1298 2863 ι’
1334 2834 1361 2862 V
1393 2835 1422 2864 b.
1464 2835 1654 2864 ‘accersitae
1670 2835 1677 2846 ’

86 2870 142 2900 the
164 2871 255 2910 boy's
282 2876 389 2901 return
417 2872 495 2902 from
529 2872 706 2911 Apollonia.
737 2873 777 2903 he
806 2874 857 2904 did
902 2884 921 2904 n
946 2887 966 2914 g
990 2879 1013 2905 t.
1064 2876 1077 2905 1
1100 2876 1177 2906 have
1204 2877 1326 2906 noticed
1353 2877 1457 2907 before
1482 2877 1544 2906 this
1575 2878 1677 2906 incor-

86 2917 143 2943 not
157 2914 285 2944 address
302 2914 367 2944 him
385 2915 426 2954 by
441 2915 497 2945 the
519 2925 612 2945 name
635 2915 671 2945 of
690 2916 860 2946 Caesar.—
903 2922 969 2949 rect
1006 2919 1085 2948 form
1118 2922 1125 2935 ‘
1139 2919 1328 2949 accersitae.y
1384 2920 1487 2949 Colot.
1518 2920 1573 2949 has
1606 2923 1677 2949 ‘ac-
